2910 4920
620 294 824 375 „36-

170 463 248 521 Ovid.
267 468 317 520 art.
339 464 379 521 ΙΙΙ
398 468 433 522 59
442 486 500 538 sqq.

329 557 461 609 venturae
478 571 611 610 memores
629 554 686 611 iam
704 573 777 612 nunc
794 559 885 614 estote
903 565 1070 620 senectae:

381 639 419 694 sic
437 640 544 695 nullum
564 641 641 696 vobis
658 646 767 713 tempus
785 642 877 698 abibit
896 645 991 703 iners.

330 724 395 779 dum
413 725 478 781 licet
497 731 526 781 et
544 744 621 782 veros
639 728 791 784 etiamnum
808 729 914 800 degitis
932 750 1049 802 annos,

383 811 482 867 ludite:
501 816 569 869 sunt
586 814 652 868 anni
672 831 747 870 more
765 815 875 872 fluentis
894 835 1007 888 aquae.

135 903 315 969 Permultos
336 903 443 963 autem
472 901 551 966 alios
587 902 673 967 locos
709 905 906 986 perlustrare
934 913 1047 989 potes
1086 915 1180 997 apud
1208 915 1295 996 zuge

135 1006 242 1082 leium,
264 1000 356 1065 Ovid.
378 998 390 1060 Ι
411 1019 441 1080 p.
464 1000 505 1062 45
521 1020 591 1082 sqq.
613 1006 645 1066 et
666 1003 841 1068 Malletium
863 1012 1000 1086 quaest,
1029 1010 1139 1096 prop,
1164 1034 1194 1095 p·
1211 1014 1295 1095 2933}¹
1354 1025 1359 1097 ‘,

135 1105 242 1169 Unum
265 1101 362 1165 modo
383 1099 524 1181 Popertii
546 1103 578 1164 et
600 1101 726 1182 Vergilii
750 1103 855 1168 locum
876 1107 1095 1188 suppleam:

173 1202 250 1271 Prop.
270 1199 297 1252 ΙΙ
317 1198 357 1266 15,
370 1196 403 1249 53
414 1215 451 1265 sq.

331 1281 368 1336 sic
386 1281 473 1349 nobis,
492 1281 539 1351 qui
556 1299 629 1336 nunc
647 1300 780 1351 magnum
798 1282 936 1354 spiramus
954 1292 1109 1358 amantes,

383 1368 497 1423 forsitan
515 1369 638 1423 includet
656 1369 778 1424 crastina
795 1370 856 1425 fata
871 1369 941 1425 dies.

171 1452 262 1522 Copae
280 1470 305 1506 v.
325 1453 357 1506 37
371 1471 411 1521 sq.

330 1556 402 1608 ponc
419 1556 524 1593 merum
543 1542 572 1593 et
588 1539 668 1593 talos.
696 1542 800 1610 percat,
820 1539 869 1610 qui
886 1541 1016 1599 cessus
1035 1550 1141 1604 curat!

382 1643 455 1679 mors
474 1642 568 1680 aurem
592 1624 691 1680 vellens
707 1619 812 1681 ‘vivite'
830 1626 872 1682 ait
887 1621 1002 1684 ‘venio'.

139 1708 199 1773 Hic
240 1712 323 1776 enim
367 1718 549 1796 opportuno
588 1733 665 1776 casu
695 1714 795 1794 ipsius
826 1714 1139 1786 Alexandrinorum
1176 1719 1296 1805 principis

138 1813 262 1889 poetae,
286 1813 481 1891 Callimachi,
505 1813 620 1876 similia
642 1813 741 1876 verba
762 1818 890 1878 servata
912 1819 1008 1880 sunt:

171 1915 257 1985 epigr.
276 1919 347 1982 XIV,
368 1919 471 1973 anthol.
492 1919 546 1984 Pal.
566 1919 603 1970 lll
623 1919 672 1970 519

331 2005 450 2076 δαίμονα
470 2007 510 2064 τίς
529 2000 558 2055 δ’
577 1991 609 2057 εί
628 2000 686 2057 οἶδε
705 1999 753 2056 τὸν
767 1999 888 2076 Arietem
907 1995 992 2074 ἡνίκα
1010 2007 1066 2059 καὶ
1081 2007 1125 2075 σέ,

387 2089 496 2163 Χοίρμι,
516 2086 564 2143 τὸν
582 2086 741 2161 ὀφθαλμοῖς
754 2085 855 2161 χθιζὸν
873 2085 905 2142 έν
922 2081 1088 2164 ἡμετέροις,

331 2176 363 2252 τῇ
382 2176 463 2250 ἑτέρῃ
482 2173 636 2231 κίοιέσαντε
655 2174 827 2248 ἐθάπτομεν.

136 2271 334 2349 Quibuscum
371 2272 504 2352 contigit
536 2275 571 2335 ut
605 2290 829 2352 consparemus
865 2269 1039 2334 Philetaeri
1074 2275 1198 2340 comici
1223 2269 1296 2340 Attici

136 2372 352 2453 fragmentum
375 2371 404 2449 7,
433 2371 471 2434 K.
495 2370 521 2432 ll
541 2391 571 2451 p.
596 2370 666 2446 232,
698 2369 763 2451 qui,
793 2372 968 2451 postquam
988 2368 1191 2438 hominibus
1212 2371 1297 2445 suasit

136 2476 172 2537 ut
194 2470 310 2536 cotidie
331 2470 397 2545 vita
418 2469 604 2533 suavissime
627 2467 819 2546 fruerentur,
841 2467 947 2550 pergit
969 2486 999 2529 v.
1025 2469 1044 2533 3
1068 2489 1148 2554 sqq.

672 2561 740 2619 ἄλλα
760 2566 805 2621 δεῖ
822 2571 937 2619 σκοπεῖν

330 2648 403 2706 τοῦτ’
423 2647 489 2706 crisi
510 2648 688 2724 τὀἷνθρώπεί
706 2646 813 2724 δρῶντα
833 2654 997 2725 πράγματα,
1085 2691 1088 2694 -

331 2737 371 2798 εἰς
390 2735 487 2812 αίίριον
506 2737 536 2791 δὲ
552 2737 624 2811 μηδέ
642 2741 814 2812 φροντίζειν,
840 2733 883 2792 ὅτι

331 2844 415 2878 mat.

137 2915 309 2978 Praeterea
340 2913 420 2977 tales
450 2912 644 2977 comicorum
668 2912 848 2975 Atticorum
882 2912 1132 2980 adhortationes
1161 2918 1207 2983 ad
1228 2920 1303 2983 aeta·

135 3019 200 3080 tem
234 3013 266 3076 in
293 3013 412 3076 amoris
436 3011 554 3075 deliciis
582 3012 761 3091 degendam
786 3032 842 3093 per
866 3010 1054 3076 Callimachi
1082 3016 1138 3079 vel
1168 3018 1304 3082 Philetas

136 3114 279 3179 carmina
307 3112 348 3176 ad
370 3113 536 3176 Romanos
565 3111 747 3193 pervenisse
768 3131 805 3174 eo
828 3112 1054 3188 confirmatur,
1086 3118 1184 3195 quod
1207 3117 1305 3183 multi·

136 3215 250 3278 sariam
274 3213 306 3277 in
328 3211 513 3292 anthologia
535 3211 683 3274 Palatina
706 3215 842 3275 exstant.
888 3211 1019 3276 Anthol.
1035 3210 1105 3276 Pal.
1128 3216 1215 3282 V85
1239 3217 1307 3282 dicii

135 3313 352 3395 Asclepiades,
375 3311 539 3375 Theocriti
560 3310 729 3390 magister:

329 3409 411 3482 φείδῃ
430 3411 595 3481 παρθενίης.
624 3409 671 3460 καί
690 3410 716 3461 τί
733 3409 834 3476 πλέον,·
860 3404 893 3462 οδ
910 3403 964 3481 γὰρ
984 3408 1013 3468 ές
1026 3404 1118 3480 Ἅιδην

377 3490 489 3549 siderio?
508 3488 637 3566 εὖρήσεις
656 3489 705 3546 τὸν
724 3494 865 3563 φιλέοντα,
885 3493 967 3567 κόρη’

329 3578 360 3635 έν
379 3586 468 3644 ζωοῖσι
488 3576 521 3633 τὰ
542 3577 647 3653 τερπνὰ
668 3576 701 3633 τὰ
725 3580 878 3655 Κύπριδος,
909 3579 940 3635 έν
959 3578 988 3633 δ’
1006 3579 1140 3654 Ἀχέροντι

381 3664 461 3720 ὀστέα
480 3669 527 3720 καί
544 3665 652 3738 σποδιή,
671 3669 806 3739 παρθένε,
826 3667 991 3740 πεισόμεθα,

134 3768 165 3828 el
186 3764 313 3844 ignotus
336 3764 468 3845 quidam
490 3768 586 3844 poeta
608 3763 729 3827 anthol.
749 3763 815 3827 Pal.
839 3764 882 3827 Xl
901 3766 941 3827 56

332 3869 396 3915 πῖνε
417 3863 463 3914 καί
483 3856 649 3933 εδφραίνου·
679 3864 705 3914 τί
724 3857 778 3934 γὰρ
797 3860 905 3934 αὔριον,
925 3858 942 3933 ἢ
962 3865 987 3915 τί
1006 3859 1036 3915 τὸ
1055 3860 1167 3931 μέλλον,

382 3943 473 4007 ου’δείς
492 3945 625 4016 φινοίσκει
654 3965 707 4016 eqs.

134 4024 332 4112 Quibuscum
357 4036 542 4116 coniungas,
566 4035 591 4096 si
615 4035 730 4116 placet,
754 4035 876 4099 anthol.
900 4035 966 4099 Pal.
986 4037 1009 4097 V
1027 4037 1072 4112 la,
1098 4036 1190 4115 vid,
1216 4040 1308 4114 vla,

136 4135 159 4196 V
182 4136 232 4209 00,
260 4137 281 4198 V
312 4137 378 4214 103,
399 4137 430 4200 X
456 4138 521 4212 100,
545 4134 588 4199 Xl
613 4136 659 4211 10,
681 4135 721 4197 Xl
746 4137 795 4199 60.
830 4136 991 4200 Theocrii.
1016 4137 1056 4199 id.
1080 4135 1230 4201 1111125.
