2910 4920
540 347 748 408 ..35-

52 522 186 585 dedant.
231 522 387 604 imprimis
409 522 549 600 mediae,
580 542 664 603 quae
684 522 798 600 fertur,
829 522 1014 588 comoediae
1040 522 1222 604 fragmenta

53 621 108 684 hic
131 620 269 685 adscribi
292 626 440 702 possunt,
465 623 552 685 velut

91 725 238 796 Amphidis
255 726 306 796 frg.
326 728 351 796 8,
370 727 403 780 Κ.
424 727 450 779 ll
468 746 494 796 p.
514 727 564 781 238

252 818 324 875 πῖνε,
343 817 430 875 παῖζε.
457 808 561 883 θνητὸς
574 808 588 864 d
599 815 664 882 βίος,
685 806 777 881 ὅλίγος
791 805 857 865 otini
873 811 910 886 γῇ
921 809 1030 884 χρόνος.

257 894 401 957 ἀθάνατος
419 893 433 950 d
454 897 577 957 θάνατός
589 895 673 964 ἐστιν,
694 894 729 951 ἄν
743 892 817 956 ἅπαξ
828 917 870 958 τις
884 893 1027 973 (ἷποθᾶνῃ.

92 993 215 1046 Alexidis
232 992 283 1060 frg.
302 993 380 1060 25‚4,
399 991 432 1043 Κ.
452 991 478 1042 Il
496 1009 523 1060 p.
544 991 595 1045 306

253 1080 387 1148 πίνωμεν,
407 1074 575 1148 ἐμπίνωμεν,
593 1063 616 1130 οῗ
637 1076 738 1140 Σίκων,
758 1077 860 1143 Σίκων,

10 1182 19 1222 g·
251 1165 402 1235 χαίρωμεν,
422 1161 471 1221 ἕως
489 1162 578 1216 ἔνεστι
599 1159 649 1233 τὴν
667 1159 761 1235 ψυχὴν
779 1165 899 1235 τρέφειν.

10 1282 21 1323 i.
94 1254 243 1326 Theophili
261 1256 313 1325 frg.
333 1257 373 1319 12,
392 1256 424 1309 K.
444 1256 467 1309 ll
487 1274 513 1324 p.
531 1256 581 1309 477

253 1331 296 1402 7τίς
315 1361 382 1412 φησι
401 1338 465 1402 τοὺς
483 1341 605 1414 ἐρῶντας
623 1337 683 1413 οὐχὶ
702 1341 770 1395 νοῦν
788 1342 873 1414 ἔχειν,

257 1418 272 1503 ἦ
291 1428 345 1483 πού
365 1431 406 1489 τίς
425 1426 481 1482 ἐστι
499 1423 566 1488 τοὺς
584 1427 702 1501 τρόπους
720 1424 865 1502 α’βέλτρος’

257 1517 282 1573 εἰ
301 1513 356 1590 γὰρ
377 1513 475 1583 ἀφέλοι
495 1534 538 1575 τις
556 1514 606 1568 τοῦ
623 1517 683 1584 βίου
701 1511 752 1575 τὰς
771 1508 879 1586 ἡδονάς,

257 1606 419 1658 καταλείπει
439 1597 521 1655 οῦδὲν
540 1600 605 1655 doto
623 1595 695 1673 πλὴν
715 1603 894 1673 τεθνηκέναι.

60 1709 182 1772 Eadem
205 1703 320 1768 suadet
340 1700 459 1764 eisdem
483 1698 524 1763 de
546 1699 650 1762 causis
671 1699 805 1762 Plautus
826 1699 859 1762 in
882 1699 1033 1765 Bacchid.
1060 1702 1140 1765 1165

258 1800 281 1854 si
299 1801 403 1867 amant,
422 1796 560 1867 sapienter
575 1796 689 1853 faciunt.

94 1897 124 1949 et
144 1895 210 1949 1195
222 1912 281 1963 sqq.

257 1997 312 2033 non
332 1977 383 2032 tibi
404 1975 526 2032 venitin
544 1978 673 2039 mentem,
693 1975 800 2040 amabo,
845 2035 847 2039 .

256 2065 287 2134 ei,
305 2065 371 2118 dum
391 2063 474 2127 vivae,
493 2062 546 2116 tibi
564 2062 634 2117 bene
653 2063 744 2131 facias,

256 2154 315 2206 tarn
332 2151 379 2222 pol
397 2150 426 2203 id
444 2150 555 2219 quidem
572 2167 629 2204 csse
647 2148 724 2221 haud
742 2151 967 2223 perlonginqnom

256 2255 354 2307 neque,
375 2237 398 2289 si
416 2235 468 2290 hoc
486 2235 568 2289 hodie
586 2235 700 2308 amissis,
719 2240 781 2308 post
798 2238 828 2292 in

257 2327 345 2378 morte
364 2325 526 2378 eventurum
544 2339 600 2376 esse
618 2322 770 2390 umquam?

60 2419 186 2497 Quibus
193 2418 346 2499 exemplis
361 2418 432 2481 licet
445 2417 564 2481 addere
575 2417 747 2482 Philetaeri
763 2419 978 2500 fragmentum
990 2421 1018 2498 7,
1031 2420 1068 2484 K.
1077 2421 1103 2484 H
1112 2442 1143 2503 p.
1152 2421 1229 2498 aaa

60 2518 204 2584 Alexidis
226 2518 284 2598 lrg.
307 2518 377 2595 271,
400 2517 438 2580 Κ.
457 2517 482 2579 ll
502 2537 533 2598 p.
554 2518 632 2592 397;
656 2519 822 2582 Menandri
844 2520 982 2600 frg.410‚
997 2520 1042 2601 ¹ll.
1055 2521 1095 2584 llI
1116 2541 1147 2602 p.
1161 2521 1230 2584 120.

145 2618 198 2682 Ad
228 2616 333 2697 elegos
351 2616 572 2680 Romanorum
604 2620 634 2680 et
665 2617 870 2698 anthologiae
894 2618 1062 2683 Palatinae
1089 2619 1176 2683 lusus
1205 2621 1231 2683 si

62 2717 296 2792 descendimus,
319 2715 406 2778 haud
429 2715 492 2778 alia
515 2715 645 2780 consilia
668 2716 710 2780 ad
725 2717 811 2782 vitae
826 2717 985 2782 rationem
1001 2718 1230 2783 instituendam

61 2818 156 2883 nobis
178 2817 313 2880 dantur:

96 2925 178 2993 Prop.
197 2923 208 2974 l
228 2921 269 2983 19,
280 2919 313 2972 25
327 2935 366 2986 sq.
766 2971 772 2979 .

257 3021 351 3074 quare,
368 3002 434 3057 dum
452 3002 525 3071 licet,
543 3003 616 3058 inter
634 3021 683 3057 noe
701 3005 835 3060 laetemur
854 3007 991 3061 amantes:

311 3106 368 3144 non
385 3088 452 3143 eatis
469 3094 509 3145 eet
527 3090 584 3144 ullo
603 3094 727 3160 tempore
745 3092 844 3161 longus
863 3109 946 3147 amor.

96 3185 200 3242 'I'ibull
220 3185 232 3238 I
252 3183 276 3253 1,
286 3183 319 3238 29
329 3199 369 3250 eq.

260 3268 373 3331 interea,
393 3268 459 3322 dnm
478 3268 538 3322 fate
555 3267 657 3336 sinunt,
675 3267 823 3338 iungamus
843 3284 960 3323 amores:

310 3354 366 3409 iarn
387 3354 478 3409 veniet
495 3355 616 3411 tenebris
632 3359 702 3410 Mors
719 3355 852 3424 adoperta
869 3357 953 3424 capnt
976 3370 1029 3422 eqs.

98 3454 178 3523 Prop.
197 3451 221 3504 ll
243 3450 283 3514 15,
293 3449 327 3503 23
336 3466 375 3516 sq.
744 3462 745 3465 ¹

258 3535 323 3588 dum
342 3551 391 3589 nos
409 3534 469 3588 fata
486 3533 587 3598 sinunt,
607 3534 697 3589 oculos
714 3532 844 3587 satiemus
864 3547 969 3585 amore:

311 3637 366 3674 nox
383 3619 436 3674 tibi
452 3621 537 3688 longa
554 3619 633 3673 venit
651 3636 700 3672 nec
718 3618 841 3673 reditura
859 3617 923 3672 dies.

62 3715 108 3779 Cf.
134 3716 263 3799 Epicuri
285 3716 476 3780 sententiam
502 3715 623 3778 anthol.
648 3714 703 3779 lat.
725 3714 783 3777 911
871 3745 873 3748 ⁴

258 3830 321 3867 curn
340 3819 367 3868 te
385 3813 529 3868 mortalem
548 3813 629 3877 noris,
655 3811 844 3882 praesentibus
863 3813 940 3882 exple

258 3899 362 3956 deliciis
380 3901 518 3954 animum:
537 3909 599 3970 post.
618 3902 735 3953 mortem
754 3898 831 3951 nulla
850 3899 982 3966 voluptas.

97 3992 201 4048 Tibull.
220 3994 232 4046 1
252 3994 277 4059 8,
286 3995 320 4048 47
330 4013 370 4063 sq.

259 4082 290 4135 at
307 4083 348 4145 tn‚¹
367 4080 433 4135 dum
450 4078 535 4150 primi
552 4077 632 4132 floret
650 4076 703 4132 tibi
721 4075 851 4145 temporie
870 4076 953 4141 aetas,

313 4169 403 4222 utere:
424 4185 479 4223 nou
497 4166 579 4221 tardo
598 4163 701 4218 labitur
720 4165 767 4216 illa
782 4162 857 4231 pede.

1035 4250 1051 4302 3
1058 4249 1071 4278 ἢ
