2910 4920
622 251 827 314 ..42-

173 423 251 481 Ouid.
269 429 323 482 arb
339 426 363 479 ll
382 425 433 478 515
444 442 483 493 eq.

331 511 404 581 quod
421 509 508 576 iuvat,
527 511 666 583 exiguum,
684 513 745 582 plue
762 517 812 579 eet,
833 512 906 584 quod
924 512 1022 570 laedat
1042 519 1199 572 amanum:

383 601 541 669 proponant
559 597 652 653 animo
671 599 760 654 multe
776 598 890 655 ferenda
906 615 963 654 suo.

166 683 244 738 Ouid.
263 701 348 739 amor.
368 685 391 738 ll
409 685 434 748 9,
443 683 477 740 49
487 701 527 753 sq.

330 771 361 823 lu
380 768 448 824 levis
466 786 495 825 es
514 769 654 838 multoque
672 769 727 824 tuis
747 770 884 826 ventosior
901 768 951 825 alis

380 855 536 926 gaudiaque
555 854 687 925 ambigue
703 855 809 925 dasque
826 873 964 928 negasque
981 857 1047 913 ilde.

173 944 271 999 Cabull.
289 942 375 996 LXIV
395 941 428 995 95

331 1029 425 1082 sancte
443 1043 520 1096 puer,
538 1025 610 1080 curis
628 1024 774 1081 hominum
792 1026 841 1097 qui
856 1026 962 1097 gaudia
978 1028 1086 1086 misces

138 1115 372 1180 Alexandrinos
391 1112 549 1178 Romanis
571 1113 674 1196 poetis
701 1114 780 1179 talia
808 1115 1020 1181 scribentibus
1042 1125 1206 1187 auctores
1228 1121 1316 1186 fuisse

138 1216 257 1280 docent
280 1214 444 1297 Posidippi
467 1218 498 1278 et
520 1213 671 1294 Meleagri
703 1214 939 1296 epigrammata
962 1221 994 1283 el
1014 1216 1147 1286 Musaei
1173 1243 1314 1288 carmen:

173 1314 312 1385 Posidipp.
334 1312 440 1369 anthol.
459 1312 519 1368 Pal.
541 1312 566 1366 V
588 1312 723 1382 134,4sq.

329 1400 411 1472 μέλοι
431 1394 461 1452 d'
480 1393 547 1472 ἡμῖν
567 1392 581 1451 ὅ
600 1397 790 1470 γλυκύπικρος
803 1395 898 1473 Ἔρως.

172 1485 304 1555 Meleagri
321 1485 406 1556 epigr.
426 1484 532 1539 anthol.
550 1484 609 1540 Pel.
628 1484 651 1538 V
672 1485 806 1555 loeasq.

332 1558 396 1642 ἦσὺ
413 1590 448 1642 γε
464 1568 593 1644 μηνύεις,
612 1565 658 1624 ὅτι
678 1573 726 1625 καὶ
743 1569 830 1642 γλυκὺ
852 1573 899 1626 καὶ
918 1571 1113 1641 δυσύποιστον,

366 1654 466 1730 πικρὸν
485 1653 531 1711 ἀεὶ
553 1659 653 1730 κραδίᾳ
673 1658 791 1730 κέντρον
804 1656 925 1732 Ἔρωτος
942 1658 1008 1733 ἔχει.

226 1749 264 1801 ‚l

167 1752 224 1803 Mus
268 1747 302 1801 66
333 1811 382 1885 ἤδη
402 1814 449 1867 καί
468 1810 658 1883 γλυκύπικρον
677 1808 787 1869 ἐδέξατο
807 1810 924 1885 κέντρον
941 1807 1072 1886 Ἐρώτων.

142 1903 252 1979 Adde,
285 1901 372 1983 quod
401 1900 497 1965 eliam
530 1898 743 1976 Claudianus,
778 1899 833 1981 qui
864 1898 1052 1988 adulescens
1081 1905 1175 1968 omni
1212 1906 1302 1970 musei

138 2002 347 2068 Alexandrini
371 2001 503 2068 scientia
532 2000 679 2063 imbutus·
703 2003 767 2076 est,
796 1999 906 2064 scribit
935 2000 1123 2082 epithalam.
1156 2003 1199 2070 de
1219 2012 1302 2089 nupt.

136 2104 256 2168 Houor.
283 2104 323 2166 69
337 2120 407 2182 sqq.

329 2198 461 2259 labuntur
478 2195 583 2267 gemini
601 2196 698 2260 fontes,
717 2195 763 2251 hic
781 2196 874 2260 dulcis,
895 2211 1004 2252 amerus

329 2287 407 2350 alter,
426 2289 454 2340 et
471 2276 568 2337 infusis
586 2285 765 2353 corrumpunt
782 2282 866 2337 mella
886 2283 1008 2354 venenis,

329 2372 402 2427 unde
420 2369 585 2441 Cupidineas
603 2368 706 2424 armari
725 2369 800 2423 fama
817 2368 940 2438 sagittae.

217 2460 346 2525 Amoris
369 2463 483 2537 autern
514 2457 577 2520 mel
598 2460 630 2520 et
651 2456 691 2519 fel
713 2460 846 2520 monent
867 2477 928 2534 rne,
950 2460 986 2521 ut
1006 2455 1200 2539 adiungam,
1224 2481 1300 2544 quae

133 2562 167 2626 in
184 2561 290 2625 Plauti
308 2559 504 2631 Truculento
530 2576 559 2619 v.
576 2557 634 2620 178
647 2576 717 2638 sqq.
739 2556 931 2621 Diniarchus
949 2557 1173 2623 meretricibus
1192 2561 1299 2625 obicit:

332 2659 361 2712 in
380 2658 459 2712 melle
476 2659 540 2710 eunt
560 2655 670 2724 linguae
688 2654 757 2710 sibae
777 2658 884 2710 vostrae
902 2659 986 2725 abque
1005 2655 1152 2727 orationes,

329 2744 404 2805 fecte
422 2747 506 2811 abque
526 2741 608 2796 eorda
626 2740 655 2794 in
673 2740 737 2796 felle
755 2743 819 2795 sunl
837 2740 891 2795 sita
908 2744 994 2810 abque
1012 2741 1110 2798 acerbo
1129 2747 1224 2800 aceto:

330 2847 361 2886 eo
379 2830 454 2884 dicta
472 2829 567 2898 lingua
585 2827 676 2882 dulcia
693 2827 773 2888 dabis,
792 2829 872 2882 corde
889 2845 985 2883 amara
1003 2827 1101 2884 facitis.

137 2916 226 2980 Haec
249 2937 377 3000 quoque
401 2920 499 2982 verba
525 2937 564 2980 ex
592 2936 677 2980 nova
706 2916 872 2980 comoedia
900 2917 942 2980 ad
975 2916 1081 2997 elegos
1113 2919 1298 2984 Alexandri-

135 3037 249 3082 norum
271 3022 302 3082 el
318 3019 541 3083 Romanorum
563 3017 691 3081 fluxisse
713 3017 804 3080 facile
828 3018 993 3096 concedes,
1015 3018 1040 3080 si
1064 3019 1298 3100 comparaveris

135 3136 207 3180 curn
233 3118 348 3183 Planlo
370 3118 430 3183 hos
451 3120 554 3183 locos:

169 3215 246 3270 Ovid.
266 3234 350 3272 amor.
369 3220 381 3271 I
401 3218 425 3282 8,
439 3218 489 3272 103
498 3236 538 3286 sq.

333 3302 522 3373 linguaiuveb
543 3308 716 3370 mentemque
734 3302 827 3371 egat:
854 3299 976 3354 blandire
995 3315 1116 3368 neceque
1123 3318 1130 3363 ;

428 3390 515 3460 impia
532 3391 582 3444 sub
600 3391 672 3445 dulci
694 3390 773 3444 melle
793 3405 897 3442 venene
915 3388 1012 3441 latent.

170 3471 355 3528 Moseh11d.l
375 3475 460 3544 8⁸llq·
615 3542 699 3595 κακαὶ
718 3537 832 3611 φρένες,
853 3534 903 3594 ἁδὺ
923 3541 1039 3611 λάλημα.

330 3625 364 3681 ου’
383 3624 437 3701 γὰρ
458 3629 518 3682 ἴσον
537 3627 611 3681 νοέει
631 3629 677 3680 καὶ
696 3627 865 3697 φθέγγεται·
890 3619 927 3686 ὥς
941 3625 1005 3697 μέλι
1022 3624 1109 3694 morri,

329 3712 360 3768 έν
379 3715 408 3768 δὲ
423 3716 500 3787 χολά,
520 3716 584 3774 νόος
602 3711 677 3768 ἐστὶν
695 3709 843 3785 ἆνάμέρος,
863 3708 1062 3785 ἤπεροπευτάς,

329 3796 411 3854 οὐδὲν
430 3797 584 3869 iiddodun,
603 3801 696 3854 δόλιον
714 3802 821 3874 βρέφος,
841 3797 927 3871 ι’έγρια
945 3798 1065 3853 παίσδει.

171 3890 257 3946 Marci
277 3885 434 3957 Argentarii
453 3887 539 3957 epigr.
558 3885 663 3941 anthol.
682 3887 739 3941 Pal.
758 3889 780 3939 V
800 3886 867 3950 32‚3
882 3904 920 3956 eq.

332 3974 379 4027 καὶ
396 3973 460 4045 με’λι
479 3971 534 4044 μέν
552 3975 658 4035 στάζεις
676 3968 729 4025 ὑπὸ
744 3974 869 4044 χείλεσιν
888 3967 937 4044 ἡδὺ
957 3973 1083 4040 orderico.

384 4055 419 4130 ἢν
437 4054 467 4110 d’
484 4056 571 4133 αἰτῇς,
592 4060 696 4130 κέντρῳ
715 4061 807 4130 τύμμα
826 4060 922 4129 φέρεις
942 4055 1048 4112 ἄδικον.
