2910 4920
557 345 739 408 ,7-

57 540 193 601 praese
214 520 284 597 fert,
308 524 418 585 tamen
441 540 460 585 a
483 521 637 586 Diomede
667 523 879 604 grammatico
889 523 913 599 ¹l
936 522 1227 587 Alexandrinorum

58 621 277 684 imitatoribus
307 622 557 699 adnumeratur,
589 628 687 706 atque
715 625 843 707 saepius
871 644 891 688 a
921 624 995 687 viris
1025 624 1127 687 doctis
1154 643 1227 688 eum

59 720 351 784 Alexandrinorum
389 721 528 800 vestigia
562 724 713 803 pressisse
752 724 926 806 probatum
960 721 1051 804 est2)
1104 722 1229 800 Quibus

61 821 101 882 de
124 820 228 884 causis
250 821 423 892 Tibullum.
446 822 659 903 Propertium,
683 822 834 887 Ovidium
857 842 962 903 neque
985 841 1024 885 ex
1044 812 1227 885 Atticorum
1303 836 1308 845 ·

62 940 167 1000 neque
205 940 244 983 ex
275 920 498 985 Romanorum
534 922 706 986 comoediis
746 928 833 986 recta
870 922 923 986 via
956 922 1101 986 hausisse
1138 925 1228 1003 puto,

57 1021 115 1083 sed
152 1021 317 1084 consensio
352 1020 404 1085 illa
438 1023 517 1085 mihi
552 1023 597 1086 ita
630 1023 821 1104 explicanda
852 1022 996 1099 videtur,
1036 1025 1072 1085 ut
1102 1041 1142 1086 ex
1176 1040 1227 1086 co-

58 1120 193 1183 moediis
215 1120 330 1184 Atticis
351 1140 402 1184 res
423 1122 602 1185 amatoriae
624 1123 657 1185 in
680 1123 787 1202 elegos
807 1121 1058 1198 Alexandrinosr,
1090 1140 1228 1203 quorum

56 1223 173 1300 poetae
196 1219 284 1285 haud
306 1220 408 1285 multo
429 1225 502 1302 post
523 1242 627 1286 novae
651 1222 837 1285 comoediae
854 1221 1025 1302 scriptores
1040 1221 1226 1298 floruerunt,

57 1323 90 1382 et
121 1339 160 1381 ex
191 1320 227 1382 iis
260 1320 410 1401 deinceps
444 1321 476 1384 in
508 1321 613 1401 elegos
635 1322 858 1385 Romanorum
888 1320 1047 1385 fluxerint.
1101 1320 1174 1398 Qua
1194 1320 1226 1383 in

58 1418 209 1498 opinione
230 1419 340 1496 nobis,
362 1421 449 1502 quod
471 1421 764 1485 Alexandrinorum
789 1421 933 1484 carmina
955 1419 1124 1500 iniquitate
1145 1422 1227 1482 tern-

56 1537 173 1599 porum
197 1519 376 1599 perierunt,
408 1521 677 1602 acquiescendum
700 1524 798 1598 esset,
828 1519 886 1583 nisi
910 1539 930 1582 a
951 1519 1026 1582 viris
1048 1518 1150 1581 doctis
1172 1518 1227 1582 de·

60 1622 275 1681 monstratum
294 1623 375 1682 esset
392 1620 597 1700 anthologiae
608 1619 776 1684 Palatinae
797 1624 910 1701 poetas
924 1618 1088 1701 plurimos,
1112 1616 1227 1681 deinde

56 1715 219 1794 Nonnnm,
243 1718 454 1799 Musaeum,³)
477 1723 546 1782 tum
565 1719 815 1794 Aristaenetum,
837 1719 1079 1795 Philostratum,
1090 1715 1115 1797 ⁴)
1138 1716 1227 1779 deni·

59 1835 124 1896 que
146 1817 290 1894 eroticos,
312 1837 393 1898 quos
423 1817 567 1896 dicimus
590 1820 761 1901 scriptores
772 1820 796 1896 ⁶)
820 1839 916 1900 saepe
935 1817 1225 1882 Aiexandrinorum

60 1915 194 1996 vestigia
217 1917 378 1998 pressisse.
422 1917 514 1981 Nunc
546 1937 622 1982 vero
645 1919 832 1982 circuitione
855 1919 946 2000 quasi
977 1921 1009 1981 et
1030 1916 1227 1981 anfractibus

60 2015 103 2077 ad
136 2015 426 2080 Alexandrinorum
466 2017 571 2098 elegos
610 2018 777 2099 pervenire
817 2036 1003 2098 possumus,
1051 2016 1161 2097 itaque
1200 2015 1226 2079 si

57 2133 212 2192 magnam
242 2118 369 2196 partem
400 2135 506 2179 rerum
537 2116 786 2192 amatoriarum,
818 2117 935 2198 quibus
955 2115 1116 2192 Tibullus,
1146 2115 1226 2178 Pro·

58 2215 197 2295 pertins,
227 2213 361 2278 Ovidius
390 2235 464 2278 cuni
486 2215 602 2280 Plauto
632 2220 663 2280 et
684 2217 834 2280 Terentio
866 2220 897 2280 et
923 2216 1118 2279 comicorum
1141 2212 1225 2276 Atti-

57 2333 169 2377 cornm
209 2314 394 2394 fragmentis
431 2314 651 2392 consentiunt,
693 2315 790 2379 etiam
823 2316 911 2396 apud
949 2315 1125 2377 imitatores
1156 2312 1226 2375 illos

60 2413 352 2479 Alexandrinorum
387 2416 580 2494 reperimus,
619 2418 675 2478 aut
708 2418 794 2478 certo
832 2419 888 2478 aut
917 2434 982 2477 non
1012 2414 1080 2479 sine
1105 2431 1225 2492 magna

58 2513 204 2577 veritatis
225 2513 330 2594 specie
348 2514 510 2577 affirmare
532 2534 703 2595 possumus
725 2535 780 2578 eas
802 2535 841 2578 ex
862 2514 1035 2578 comoediis
1045 2513 1160 2577 Atticis
1182 2513 1224 2576 ab

56 2613 204 2694 elegiacis
226 2612 518 2676 Alexandrinorum
547 2615 651 2695 poetis
672 2615 868 2695 desumptas,
901 2619 969 2678 tum
993 2615 1131 2695 denique
1154 2613 1224 2675 imi·

54 2713 213 2776 tatoribus
230 2712 387 2776 Romanis
409 2714 543 2777 traditas
567 2734 643 2778 esse.
687 2715 727 2778 ut
748 2716 853 2778 locum
876 2715 1016 2797 quidem,
1040 2714 1095 2795 qui
1116 2718 1163 2776 est
1185 2713 1224 2776 de

53 2833 128 2894 spe,
157 2812 272 2876 Tibull.
292 2813 331 2890 ll,
355 2815 383 2890 6,
399 2814 436 2876 19
448 2833 517 2894 sqq.
548 2817 580 2876 et
611 2800 712 2878 Ovid.
733 2835 772 2878 ex
795 2815 889 2879 Pont.
912 2816 974 2891 16,
987 2814 1026 2877 a?
1043 2833 1130 2895 sqq,
1161 2813 1222 2876 hac

55 2911 109 2974 via
131 2916 347 2993 propagatum
372 2932 439 2976 esse
461 2914 526 2977 iam
544 2914 589 2978 ita
605 2915 699 2978 evicit
717 2915 835 2979 Birtins
856 2915 889 2978 in
905 2914 1079 2995 Elpidibus.
1121 2912 1223 2976 Ama·

55 3011 213 3075 toriarum
232 3015 340 3075 autem
363 3032 470 3076 rernm
495 3016 738 3078 consensionem
760 3034 812 3078 me
839 3015 906 3093 his,
938 3034 1022 3096 quae
1044 3016 1223 3093 sequuntur

55 3110 269 3193 probaturum
291 3126 359 3175 esse
379 3131 483 3194 spero.

127 3322 152 3390 1)
170 3326 317 3391 grammat.
343 3322 433 3378 Latin.
457 3326 467 3377 l
490 3343 517 3395 p.
535 3325 587 3378 484
620 3326 672 3392 (ed.
696 3325 769 3393 Keil)
883 3324 957 3393 quod
983 3341 1068 3392 genus
1095 3325 1223 3378 carminis

53 3408 201 3478 praecipue
228 3409 394 3479 scripserunt
418 3410 491 3480 apud
520 3412 659 3466 Romanos
686 3410 841 3481 Propertius
871 3414 898 3466 et
927 3411 1052 3465 Tibullus
1077 3415 1105 3465 et
1128 3412 1236 3466 Gallus

55 3494 160 3548 imitati
179 3494 297 3549 Graecos
315 3495 514 3551 Callimachum
532 3501 559 3551 et
577 3497 762 3568 Euphoriona.

126 3598 152 3666 2)
175 3601 270 3667 Maass,
288 3600 398 3676 Hermes
407 3600 502 3653 XVIII
513 3619 539 3669 p.
550 3601 597 3653 321
609 3619 648 3669 sq.
670 3602 781 3655 Hermes
790 3600 880 3654 XXIV
892 3620 917 3670 p.
929 3601 979 3654 596
988 3619 1027 3669 sq.
1047 3600 1114 3665 Birt,
1133 3601 1222 3671 Elpid.

53 3703 81 3752 p.
102 3684 159 3737 121.
187 3684 303 3753 Belling,
330 3684 424 3739 Albius
443 3684 581 3748 Tibullus,
610 3686 696 3740 Berlin
718 3680 792 3751 1897,
818 3706 845 3757 p.
864 3689 898 3740 85
916 3705 963 3756 sq,
987 3705 1014 3756 p.
1036 3688 1092 3752 111,
1117 3707 1143 3758 p.
1163 3689 1221 3752 125,

52 3787 80 3838 p.
103 3768 151 3823 163
169 3787 217 3838 sq,
234 3788 261 3840 p.
283 3772 340 3825 177.

125 3872 153 3939 3)
175 3872 344 3938 of.11allet‚
374 3873 549 3940 Quaestiones
575 3876 782 3948 Propertianae.
812 3877 962 3946 Gottingae
981 3878 1061 3942 1882,
1089 3877 1136 3931 ubi
1160 3878 1221 3948 p.2

54 3956 177 4026 reliquos
196 3958 267 4014 viros
282 3961 384 4026 doctos,
401 3960 449 4030 qui
468 3961 501 4016 de
519 3963 571 4016 hac
589 3981 618 4017 rc
637 3967 760 4032 egerunt,
779 3966 952 4017 enumeratos
969 3963 1099 4019 iuvenies.

124 4061 152 4128 4)
174 4061 291 4132 Dilthey,
311 4064 354 4118 De
373 4063 536 4119 Callimachi
556 4066 687 4135 Cydippa,
706 4065 776 4134 Lips.
801 4066 875 4121 1863.
905 4067 959 4120 Leo
978 4066 1031 4121 11.
1049 4087 1075 4137 p.
1095 4068 1153 4122 128.

125 4164 150 4230 5)
170 4164 275 4230 Rohde,
296 4167 350 4221 Der
367 4168 536 4239 griechische
555 4170 662 4223 Roman
680 4186 707 4237 p.
727 4167 777 4221 145
795 4185 853 4236 sqq.
