2910 4920
608 263 819 328 ‚23-

165 438 311 495 umori
328 437 381 507 εις.
399 436 495 491 inoert.
515 437 576 506 ero,
594 439 628 494 rr
647 441 686 494 u1
703 459 731 509 p.
752 438 802 493 rer

313 522 364 576 νῦν
382 519 412 574 d’
430 519 492 593 ἕρπ’
509 520 558 576 (ἔπ’
576 526 660 579 οἴκων
677 525 773 593 ταῖνδε,
790 525 842 598 τὴν
859 536 986 598 γυναῖκα
1003 529 1072 606 γὰρ

312 603 362 679 τὴν
380 605 500 679 σώφρον’
517 606 552 664 ou’
574 612 620 665 δεῖ
635 609 685 672 τὰς
704 615 800 685 τρίχας
817 611 925 676 ξανθὰς
942 625 1062 673 ποιεῖν.

165 703 246 771 Prop.
265 701 291 754 11
309 699 442 768 larasq.

312 802 385 839 nunc
402 785 487 839 etiam
505 784 620 838 infectos
637 786 749 842 demens
766 787 878 845 imitare
895 789 1065 857 Britannos,

384 869 456 924 ludis
472 873 501 924 et
519 873 631 925 externo
649 872 740 928 tincta
756 874 848 930 nitore
866 876 972 946 eaput?

169 966 248 1020 Ovid.
267 983 351 1020 amor.
370 964 383 1017 l
405 965 522 1033 14,1sq.

313 1050 438 1104 dicebam
454 1044 600 1102 ‘medicare
617 1052 680 1101 tuos
697 1048 798 1104 desiste
815 1047 951 1120 capillos’!

382 1136 490 1205 tingere
508 1152 590 1203 quam
609 1133 708 1202 poesis,
731 1134 788 1188 iam
807 1136 861 1190 tibi
878 1138 956 1192 nulla
972 1145 1100 1196 comest.

135 1223 284 1288 Ovidium
324 1226 433 1286 autem
481 1227 579 1304 atque
617 1221 821 1304 Propertium
859 1224 1090 1294 Alexandrina
1123 1231 1306 1314 exemplaria
1386 1223 1389 1264 ³

135 1328 262 1388 secutos
283 1343 351 1385 esse
373 1341 477 1404 neque
494 1325 582 1385 recta
605 1321 657 1384 ria
681 1321 833 1386 Plautum
855 1325 905 1388 vel
921 1326 1153 1394 Menandrum
1175 1332 1306 1414 proditur

136 1423 245 1487 Niciae
265 1422 498 1504 epigrammate
520 1420 640 1485 anthol.
663 1420 731 1485 Pal.
754 1423 796 1485 Xl
821 1424 883 1488 398

331 1523 381 1597 τὴν
399 1522 525 1596 κεφαλὴν
536 1524 647 1595 βάπτων
660 1544 704 1585 τις
714 1521 838 1580 (ἷπώλεσε
853 1524 903 1588 τὰς
916 1531 1011 1601 τρίχας
1024 1526 1124 1594 αὐτὰς

382 1614 429 1665 καὶ
447 1609 530 1672 δασὺς
548 1609 586 1664 ὧν
604 1613 675 1675 λίαν,
694 1607 747 1663 ὠὸν
766 1607 840 1672 ἅπας
857 1613 986 1683 γέγονεν.

331 1698 412 1752 τοῦτο
431 1695 538 1768 βαφεὺς
556 1696 666 1768 ἐπόησε,
684 1694 715 1751 τὸ
730 1699 833 1770 μηκέτι
851 1700 954 1771 κουρέα
972 1701 1094 1773 τέμνειν

383 1783 455 1855 μήτε
475 1783 566 1854 κόμην
586 1781 690 1854 λευκὴν
706 1783 779 1856 μήτε
795 1786 1014 1858 μελαινομένην,

141 1884 173 1943 et
195 1878 378 1944 Philostrati
401 1879 536 1960 epistula
553 1879 630 1955 LXI,
652 1899 736 1960 quae
759 1880 885 1961 incipit:
908 1886 956 1954 τίς
978 1901 1026 1960 σε,
1050 1872 1079 1946 ὦ
1100 1887 1193 1972 καλή
1217 1899 1308 1968 περιέ

139 2000 261 2057 κυρωῃ·
292 1978 333 2051 ὠς
354 1976 493 2060 α’νόητος
515 1977 569 2038 καὶ
598 1975 763 2057 βάρβαρος
785 1977 803 2040 o‘
824 1979 870 2063 μή
893 1979 1095 2062 φεισάμενος
1119 1991 1193 2048 τῶν
1215 1986 1308 2071 Ἀφρο-

140 2077 230 2159 daug
258 2075 380 2158 δώρων.
436 2078 537 2141 Porro
564 2097 676 2141 veram
713 2077 849 2142 formam
887 2099 952 2144 non
981 2083 1082 2147 modo
1112 2090 1310 2153 ornamentis

139 2197 204 2242 non
227 2197 336 2258 egere,
363 2177 419 2241 sed
448 2177 545 2241 etiarn
577 2197 595 2240 e
622 2177 738 2257 pannis
767 2183 799 2240 et
826 2179 975 2243 sordibus
1003 2181 1167 2250 invictam
1194 2189 1309 2253 elucere

138 2277 357 2342 contendunt:

174 2382 283 2437 Terent.
302 2383 413 2436 Phorm.
433 2381 484 2435 104
495 2397 554 2448 sqq.

472 2466 550 2535 virgo
566 2465 689 2536 pulchra,
709 2471 736 2521 et
754 2484 810 2535 quo
828 2468 917 2537 magis
935 2468 1045 2539 diceres,

332 2553 372 2608 nil
391 2553 487 2608 aderat
504 2552 657 2607 adiumenti
675 2553 710 2607 ad
728 2554 976 2623 pulchritudinem:

334 2640 449 2709 capillus
467 2657 569 2708 passus,
588 2639 676 2693 nudus
695 2658 750 2709 pes,
769 2641 829 2710 ipsa
847 2642 966 2709 horrida,

335 2726 482 2793 lacrumae,
500 2725 614 2778 vestitus
629 2725 731 2794 turpis:
758 2735 799 2788 ur,
820 2728 849 2780 ni
868 2728 908 2781 vis
926 2728 992 2782 boni

333 2812 362 2865 in
378 2812 438 2882 ipsa
456 2810 557 2866 inesset
574 2812 676 2875 forma,
694 2812 762 2866 haee
778 2813 896 2868 formam
914 2815 1114 2885 extinguerent.

173 2907 281 2962 Terent.
301 2907 447 2960 lleautont.
466 2904 518 2957 286
531 2922 589 2973 sqq.

333 2991 507 3046 mediocriter
526 2991 656 3046 vestitum
674 2994 749 3045 veste
768 2990 887 3060 lugubri,

332 3078 478 3140 uinearum,
492 3081 552 3132 tum
566 3081 694 3132 ornatam
709 3078 749 3131 ita
762 3077 813 3142 uti,
826 3094 897 3145 quae
908 3082 1040 3132 ornantur
1055 3076 1115 3135 sibi.

333 3166 409 3219 nulla
428 3166 501 3218 mala
519 3182 548 3219 re
567 3180 596 3217 os
613 3164 766 3234 expolitum
784 3165 919 3226 muliebri,

334 3252 449 3322 capillus
468 3267 560 3321 pexus,
580 3250 686 3320 prolixe
705 3250 805 3304 circum
825 3254 909 3320 caput

336 3338 460 3402 reiectus,
479 3337 665 3406 neglegenter,
683 3354 745 3406 pax.

177 3431 267 3485 Plout.
287 3431 403 3487 Mostell.
425 3431 474 3484 173

280 3517 382 3572 virtute
400 3518 503 3572 formae
521 3517 549 3569 id
570 3516 670 3577 evenit,
690 3518 719 3568 te
738 3518 769 3567 ut
789 3515 885 3569 deceat
903 3513 1036 3582 quidquid
1054 3512 1164 3567 habeas.

140 3614 169 3677 A
191 3611 309 3695 quibus
324 3612 455 3674 minime
477 3611 671 3675 discordant
691 3610 904 3690 elegiacoruui
924 3610 1115 3691 scriptorum
1128 3611 1321 3676 enuntiata:

181 3716 282 3771 Tibull.
302 3716 313 3769 Ι
332 3716 358 3784 8,
373 3716 452 3784 resq.

362 3803 416 3856 ille*
428 3801 528 3872 placet,
547 3799 675 3869 quamvis
692 3797 797 3852 inculto
816 3797 922 3852 venerit
940 3814 986 3852 ore

417 3903 467 3941 uec
484 3885 605 3941 nitidum
623 3886 704 3940 tarda
723 3883 868 3954 compserit
886 3887 946 3939 arte
966 3886 1057 3953 caput.

180 3985 259 4053 Prop.
280 3983 306 4036 ll
325 3983 410 4049 29,30

416 4068 469 4122 heu
487 4068 623 4135 quantum
642 4079 692 4131 per
709 4078 737 4116 se
756 4059 873 4114 candida
890 4060 979 4114 forma
996 4059 1083 4113 valet!
