<?xml version="1.0" encoding="UTF-8"?>
<!DOCTYPE html PUBLIC "-//W3C//DTD XHTML 1.0 Transitional//EN"
    "http://www.w3.org/TR/xhtml1/DTD/xhtml1-transitional.dtd">
<html xmlns="http://www.w3.org/1999/xhtml" xml:lang="en" lang="en">
 <head>
  <title>
</title>
<meta http-equiv="Content-Type" content="text/html;charset=utf-8" />
  <meta name='ocr-system' content='tesseract 3.04.00' />
  <meta name='ocr-capabilities' content='ocr_page ocr_carea ocr_par ocr_line ocrx_word'/>
</head>
<body>
  <div class='ocr_page' id='page_1' title='image "./depoesiamatoria00hoelgoog_0041.png"; bbox 0 0 2910 4920; ppageno 0'>
   <div class='ocr_carea' id='block_1_1' title="bbox 617 279 822 342">
    <p class='ocr_par' dir='ltr' id='par_1_1' title="bbox 617 279 822 342">
     <span class='ocr_line' id='line_1_1' title="bbox 617 279 822 342; baseline 0.005 -21"><span class='ocrx_word' id='word_1_1' title='bbox 617 279 822 342; x_wconf 75' lang='grc'>,38-</span> 
     </span>
    </p>
   </div>
   <div class='ocr_carea' id='block_1_2' title="bbox 134 455 1301 1339">
    <p class='ocr_par' dir='ltr' id='par_1_2' title="bbox 134 455 1301 1339">
     <span class='ocr_line' id='line_1_2' title="bbox 134 455 1301 542; baseline 0.003 -22"><span class='ocrx_word' id='word_1_2' title='bbox 134 457 216 521; x_wconf 92' lang='lat' dir='ltr'>Tum</span> <span class='ocrx_word' id='word_1_3' title='bbox 240 474 349 520; x_wconf 89' lang='lat' dir='ltr'>senem</span> <span class='ocrx_word' id='word_1_4' title='bbox 373 457 537 518; x_wconf 80' lang='lat' dir='ltr'>amantem</span> <span class='ocrx_word' id='word_1_5' title='bbox 561 455 712 520; x_wconf 84' lang='lat' dir='ltr'>miserum</span> <span class='ocrx_word' id='word_1_6' title='bbox 742 460 775 521; x_wconf 85' lang='lat' dir='ltr'>et</span> <span class='ocrx_word' id='word_1_7' title='bbox 797 460 1092 525; x_wconf 87' lang='lat' dir='ltr'>contumeliosum</span> <span class='ocrx_word' id='word_1_8' title='bbox 1117 482 1189 526; x_wconf 87' lang='lat' dir='ltr'>esse</span> <span class='ocrx_word' id='word_1_9' title='bbox 1208 460 1301 542; x_wconf 82' lang='lat' dir='ltr'>saepiu</span> 
     </span>
     <span class='ocr_line' id='line_1_3' title="bbox 134 555 284 637; baseline -0.007 -19"><span class='ocrx_word' id='word_1_10' title='bbox 134 555 284 637; x_wconf 80' lang='lat' dir='ltr'>legimus:</span> 
     </span>
     <span class='ocr_line' id='line_1_4' title="bbox 170 658 676 730; baseline -0.006 -13"><span class='ocrx_word' id='word_1_11' title='bbox 170 661 314 717; x_wconf 79' lang='lat' dir='ltr'>Menandri</span> <span class='ocrx_word' id='word_1_12' title='bbox 333 661 386 730; x_wconf 82' lang='lat' dir='ltr'>frg.</span> <span class='ocrx_word' id='word_1_13' title='bbox 408 658 466 727; x_wconf 78' lang='lat'><strong>509,</strong></span> <span class='ocrx_word' id='word_1_14' title='bbox 484 658 517 713; x_wconf 91' lang='grc' dir='ltr'>Κ.</span> <span class='ocrx_word' id='word_1_15' title='bbox 537 661 574 712; x_wconf 88' lang='lat'>111</span> <span class='ocrx_word' id='word_1_16' title='bbox 586 678 613 730; x_wconf 87' lang='lat' dir='ltr'>p.</span> <span class='ocrx_word' id='word_1_17' title='bbox 626 661 676 715; x_wconf 82' lang='lat'>146</span> 
     </span>
     <span class='ocr_line' id='line_1_5' title="bbox 329 739 909 824; baseline 0.009 -25"><span class='ocrx_word' id='word_1_18' title='bbox 329 742 380 799; x_wconf 77' lang='lat' dir='ltr'>mix</span> <span class='ocrx_word' id='word_1_19' title='bbox 399 739 434 797; x_wconf 76' lang='grc' dir='ltr'>ἂν</span> <span class='ocrx_word' id='word_1_20' title='bbox 452 740 558 815; x_wconf 78' lang='grc' dir='ltr'><strong><em>γένοιτ’</em></strong></span> <span class='ocrx_word' id='word_1_21' title='bbox 576 743 696 820; x_wconf 80' lang='grc' dir='ltr'><em>ἐρῶντος</em></span> <span class='ocrx_word' id='word_1_22' title='bbox 714 746 909 824; x_wconf 69' lang='grc' dir='ltr'><strong><em>α’νθλιώτερον</em></strong></span> 
     </span>
     <span class='ocr_line' id='line_1_6' title="bbox 330 827 980 910; baseline 0.011 -25"><span class='ocrx_word' id='word_1_23' title='bbox 330 827 412 885; x_wconf 70' lang='grc' dir='ltr'><strong><em>οὐδὲν</em></strong></span> <span class='ocrx_word' id='word_1_24' title='bbox 430 833 561 901; x_wconf 78' lang='grc' dir='ltr'><strong><em>γέροντος</em></strong></span> <span class='ocrx_word' id='word_1_25' title='bbox 578 828 651 904; x_wconf 73' lang='grc' dir='ltr'><strong><em>πλὴν</em></strong></span> <span class='ocrx_word' id='word_1_26' title='bbox 670 833 765 907; x_wconf 79' lang='grc' dir='ltr'><strong><em>ἕτερος</em></strong></span> <span class='ocrx_word' id='word_1_27' title='bbox 783 838 872 910; x_wconf 70' lang='grc' dir='ltr'><strong><em>γέρων</em></strong></span> <span class='ocrx_word' id='word_1_28' title='bbox 890 834 980 910; x_wconf 78' lang='grc' dir='ltr'><strong><em>ἐρῶν·</em></strong></span> 
     </span>
     <span class='ocr_line' id='line_1_7' title="bbox 331 908 1014 989; baseline 0.015 -19"><span class='ocrx_word' id='word_1_29' title='bbox 331 914 360 978; x_wconf 73' lang='grc' dir='ltr'>ὃς</span> <span class='ocrx_word' id='word_1_30' title='bbox 380 912 435 989; x_wconf 82' lang='grc' dir='ltr'>γὰρ</span> <span class='ocrx_word' id='word_1_31' title='bbox 455 911 607 972; x_wconf 64' lang='lat' dir='ltr'>troiadem</span> <span class='ocrx_word' id='word_1_32' title='bbox 625 917 745 989; x_wconf 68' lang='grc' dir='ltr'><strong><em>βούλεθ’,</em></strong></span> <span class='ocrx_word' id='word_1_33' title='bbox 764 908 803 976; x_wconf 79' lang='grc' dir='ltr'>ὧν</span> <span class='ocrx_word' id='word_1_34' title='bbox 819 918 1014 981; x_wconf 60' lang='lat' dir='ltr'>adalsinam</span> 
     </span>
     <span class='ocr_line' id='line_1_8' title="bbox 331 992 1037 1078; baseline 0.014 -22"><span class='ocrx_word' id='word_1_35' title='bbox 331 997 377 1056; x_wconf 76' lang='grc' dir='ltr'>διὰ</span> <span class='ocrx_word' id='word_1_36' title='bbox 398 997 446 1055; x_wconf 83' lang='grc' dir='ltr'><strong><em>τὸν</em></strong></span> <span class='ocrx_word' id='word_1_37' title='bbox 460 1004 571 1074; x_wconf 84' lang='grc' dir='ltr'><strong><em>χρόνον,</em></strong></span> <span class='ocrx_word' id='word_1_38' title='bbox 589 1005 647 1066; x_wconf 78' lang='grc' dir='ltr'>πῶς</span> <span class='ocrx_word' id='word_1_39' title='bbox 665 992 747 1068; x_wconf 70' lang='grc' dir='ltr'><strong><em>οὗτος</em></strong></span> <span class='ocrx_word' id='word_1_40' title='bbox 765 1005 817 1063; x_wconf 84' lang='grc' dir='ltr'>οοίι</span> <span class='ocrx_word' id='word_1_41' title='bbox 836 1005 892 1065; x_wconf 73' lang='grc' dir='ltr'><strong><em>ἔστ’</em></strong></span> <span class='ocrx_word' id='word_1_42' title='bbox 908 1007 1037 1078; x_wconf 55' lang='lat' dir='ltr'>&amp;dicon</span> 
     </span>
     <span class='ocr_line' id='line_1_9' title="bbox 170 1096 546 1153; baseline -0.008 -1"><span class='ocrx_word' id='word_1_43' title='bbox 170 1100 258 1153; x_wconf 80' lang='lat' dir='ltr'>Plani.</span> <span class='ocrx_word' id='word_1_44' title='bbox 279 1096 405 1153; x_wconf 84' lang='lat' dir='ltr'>Bacchid.</span> <span class='ocrx_word' id='word_1_45' title='bbox 426 1097 494 1150; x_wconf 87' lang='grc'><strong>1164</strong></span> <span class='ocrx_word' id='word_1_46' title='bbox 543 1097 546 1101; x_wconf 81' lang='grc'><strong>’</strong></span> 
     </span>
     <span class='ocr_line' id='line_1_10' title="bbox 332 1183 1164 1254; baseline 0.013 -16"><span class='ocrx_word' id='word_1_47' title='bbox 332 1187 391 1252; x_wconf 82' lang='lat' dir='ltr'>tun,</span> <span class='ocrx_word' id='word_1_48' title='bbox 410 1183 492 1238; x_wconf 90' lang='lat' dir='ltr'>homo</span> <span class='ocrx_word' id='word_1_49' title='bbox 509 1184 615 1254; x_wconf 83' lang='lat' dir='ltr'>putide,</span> <span class='ocrx_word' id='word_1_50' title='bbox 633 1188 742 1240; x_wconf 79' lang='lat' dir='ltr'>amator</span> <span class='ocrx_word' id='word_1_51' title='bbox 759 1186 829 1242; x_wconf 79' lang='lat' dir='ltr'>istac</span> <span class='ocrx_word' id='word_1_52' title='bbox 847 1187 906 1245; x_wconf 78' lang='lat' dir='ltr'>fieri</span> <span class='ocrx_word' id='word_1_53' title='bbox 922 1193 1024 1248; x_wconf 77' lang='lat' dir='ltr'>aetate</span> <span class='ocrx_word' id='word_1_54' title='bbox 1045 1196 1164 1252; x_wconf 75' lang='lat' dir='ltr'>audeo?</span> 
     </span>
     <span class='ocr_line' id='line_1_11' title="bbox 171 1277 455 1339; baseline -0.007 -8"><span class='ocrx_word' id='word_1_55' title='bbox 171 1277 249 1331; x_wconf 88' lang='lat' dir='ltr'>Ovid.</span> <span class='ocrx_word' id='word_1_56' title='bbox 268 1294 352 1331; x_wconf 85' lang='lat' dir='ltr'>amor.</span> <span class='ocrx_word' id='word_1_57' title='bbox 372 1277 455 1339; x_wconf 86' lang='lat'><strong>19‚4</strong></span> 
     </span>
    </p>
   </div>
   <div class='ocr_carea' id='block_1_3' title="bbox 173 1363 933 1519">
    <p class='ocr_par' dir='ltr' id='par_1_3' title="bbox 173 1363 933 1519">
     <span class='ocr_line' id='line_1_12' title="bbox 331 1363 933 1434; baseline 0.012 -17"><span class='ocrx_word' id='word_1_58' title='bbox 331 1366 412 1434; x_wconf 82' lang='lat' dir='ltr'>turpe</span> <span class='ocrx_word' id='word_1_59' title='bbox 431 1380 514 1418; x_wconf 83' lang='lat' dir='ltr'>senex</span> <span class='ocrx_word' id='word_1_60' title='bbox 531 1363 621 1429; x_wconf 84' lang='lat' dir='ltr'>miles,</span> <span class='ocrx_word' id='word_1_61' title='bbox 640 1367 721 1434; x_wconf 81' lang='lat' dir='ltr'>turpe</span> <span class='ocrx_word' id='word_1_62' title='bbox 739 1365 831 1420; x_wconf 79' lang='lat' dir='ltr'>senilis</span> <span class='ocrx_word' id='word_1_63' title='bbox 848 1382 933 1424; x_wconf 86' lang='lat' dir='ltr'>amor.</span> 
     </span>
     <span class='ocr_line' id='line_1_13' title="bbox 173 1449 452 1519; baseline 0.004 -16"><span class='ocrx_word' id='word_1_64' title='bbox 173 1449 274 1504; x_wconf 87' lang='lat' dir='ltr'>Tibull.</span> <span class='ocrx_word' id='word_1_65' title='bbox 293 1451 317 1504; x_wconf 91' lang='lat' dir='ltr'>ll</span> <span class='ocrx_word' id='word_1_66' title='bbox 336 1449 403 1513; x_wconf 80' lang='lat'>1,73</span> <span class='ocrx_word' id='word_1_67' title='bbox 412 1468 452 1519; x_wconf 84' lang='lat' dir='ltr'>sq.</span> 
     </span>
    </p>
   </div>
   <div class='ocr_carea' id='block_1_4' title="bbox 330 1535 939 1694">
    <p class='ocr_par' dir='ltr' id='par_1_4' title="bbox 330 1535 939 1694">
     <span class='ocr_line' id='line_1_14' title="bbox 521 1535 898 1606; baseline 0.013 -17"><span class='ocrx_word' id='word_1_68' title='bbox 521 1536 566 1591; x_wconf 88' lang='lat' dir='ltr'>hic</span> <span class='ocrx_word' id='word_1_69' title='bbox 585 1535 690 1606; x_wconf 83' lang='lat' dir='ltr'>(Amor)</span> <span class='ocrx_word' id='word_1_70' title='bbox 711 1536 801 1592; x_wconf 84' lang='lat' dir='ltr'>dicere</span> <span class='ocrx_word' id='word_1_71' title='bbox 819 1537 898 1594; x_wconf 79' lang='lat' dir='ltr'>iussit</span> 
     </span>
     <span class='ocr_line' id='line_1_15' title="bbox 330 1621 939 1694; baseline 0.008 -18"><span class='ocrx_word' id='word_1_72' title='bbox 330 1623 414 1677; x_wconf 88' lang='lat' dir='ltr'>limen</span> <span class='ocrx_word' id='word_1_73' title='bbox 433 1623 469 1677; x_wconf 87' lang='lat' dir='ltr'>ad</span> <span class='ocrx_word' id='word_1_74' title='bbox 485 1622 574 1677; x_wconf 87' lang='lat' dir='ltr'>iratae</span> <span class='ocrx_word' id='word_1_75' title='bbox 592 1621 676 1677; x_wconf 86' lang='lat' dir='ltr'>verba</span> <span class='ocrx_word' id='word_1_76' title='bbox 692 1623 822 1694; x_wconf 83' lang='lat' dir='ltr'>pudenda</span> <span class='ocrx_word' id='word_1_77' title='bbox 838 1640 939 1681; x_wconf 77' lang='lat' dir='ltr'>sanein</span> 
     </span>
    </p>
   </div>
   <div class='ocr_carea' id='block_1_5' title="bbox 227 1727 1309 1821">
    <p class='ocr_par' dir='ltr' id='par_1_5' title="bbox 227 1727 1309 1821">
     <span class='ocr_line' id='line_1_16' title="bbox 227 1727 1309 1821; baseline 0.016 -31"><span class='ocrx_word' id='word_1_78' title='bbox 227 1727 399 1791; x_wconf 84' lang='lat' dir='ltr'>Hominem</span> <span class='ocrx_word' id='word_1_79' title='bbox 430 1732 559 1804; x_wconf 84' lang='lat' dir='ltr'>autem,</span> <span class='ocrx_word' id='word_1_80' title='bbox 586 1748 651 1810; x_wconf 92' lang='lat' dir='ltr'>quo</span> <span class='ocrx_word' id='word_1_81' title='bbox 680 1728 780 1792; x_wconf 90' lang='lat' dir='ltr'>serius</span> <span class='ocrx_word' id='word_1_82' title='bbox 810 1748 920 1794; x_wconf 88' lang='lat' dir='ltr'>amore</span> <span class='ocrx_word' id='word_1_83' title='bbox 946 1733 1123 1817; x_wconf 75' lang='lat' dir='ltr'>capiatur,</span> <span class='ocrx_word' id='word_1_84' title='bbox 1161 1760 1204 1805; x_wconf 87' lang='lat' dir='ltr'>eo</span> <span class='ocrx_word' id='word_1_85' title='bbox 1229 1739 1309 1821; x_wconf 71' lang='lat' dir='ltr'>magis</span> 
     </span>
    </p>
   </div>
   <div class='ocr_carea' id='block_1_6' title="bbox 139 1827 1250 2703">
    <p class='ocr_par' dir='ltr' id='par_1_6' title="bbox 139 1827 1250 2703">
     <span class='ocr_line' id='line_1_17' title="bbox 139 1827 1250 1910; baseline 0.014 -20"><span class='ocrx_word' id='word_1_86' title='bbox 139 1828 283 1910; x_wconf 83' lang='lat' dir='ltr'>torqueri</span> <span class='ocrx_word' id='word_1_87' title='bbox 305 1847 378 1891; x_wconf 86' lang='lat' dir='ltr'>cum</span> <span class='ocrx_word' id='word_1_88' title='bbox 401 1827 580 1892; x_wconf 79' lang='lat' dir='ltr'>Menandro</span> <span class='ocrx_word' id='word_1_89' title='bbox 600 1828 787 1910; x_wconf 77' lang='lat' dir='ltr'>Propertius</span> <span class='ocrx_word' id='word_1_90' title='bbox 808 1834 839 1893; x_wconf 90' lang='lat' dir='ltr'>et</span> <span class='ocrx_word' id='word_1_91' title='bbox 860 1829 995 1895; x_wconf 90' lang='lat' dir='ltr'>Ovidius</span> <span class='ocrx_word' id='word_1_92' title='bbox 1017 1839 1250 1904; x_wconf 85' lang='lat' dir='ltr'>contendunt:</span> 
     </span>
     <span class='ocr_line' id='line_1_18' title="bbox 175 1932 606 2002; baseline -0.007 -15"><span class='ocrx_word' id='word_1_93' title='bbox 175 1934 228 2002; x_wconf 78' lang='lat' dir='ltr'>frg.</span> <span class='ocrx_word' id='word_1_94' title='bbox 245 1933 400 2001; x_wconf 74' lang='lat' dir='ltr'>235‚sssqq.</span> <span class='ocrx_word' id='word_1_95' title='bbox 420 1932 445 1984; x_wconf 89' lang='lat' dir='ltr'><strong>K</strong></span> <span class='ocrx_word' id='word_1_96' title='bbox 471 1932 606 2002; x_wconf 82' lang='lat' dir='ltr'>111p.68</span> 
     </span>
     <span class='ocr_line' id='line_1_19' title="bbox 616 2007 1034 2094; baseline 0.014 -24"><span class='ocrx_word' id='word_1_97' title='bbox 616 2015 691 2078; x_wconf 82' lang='grc' dir='ltr'><strong><em>ὅσοις</em></strong></span> <span class='ocrx_word' id='word_1_98' title='bbox 711 2019 765 2091; x_wconf 83' lang='grc' dir='ltr'>μὲν</span> <span class='ocrx_word' id='word_1_99' title='bbox 784 2007 834 2073; x_wconf 68' lang='grc' dir='ltr'>οὖν</span> <span class='ocrx_word' id='word_1_100' title='bbox 851 2023 944 2093; x_wconf 69' lang='grc' dir='ltr'><strong><em>πρᾴως</em></strong></span> <span class='ocrx_word' id='word_1_101' title='bbox 962 2019 1034 2094; x_wconf 80' lang='grc' dir='ltr'><strong><em>ἔχει,</em></strong></span> 
     </span>
     <span class='ocr_line' id='line_1_20' title="bbox 336 2092 962 2179; baseline 0.003 -22"><span class='ocrx_word' id='word_1_102' title='bbox 336 2107 410 2165; x_wconf 80' lang='grc' dir='ltr'><strong><em>νέοις</em></strong></span> <span class='ocrx_word' id='word_1_103' title='bbox 429 2102 468 2159; x_wconf 80' lang='grc' dir='ltr'><strong><em>ἔτ’</em></strong></span> <span class='ocrx_word' id='word_1_104' title='bbox 486 2092 546 2160; x_wconf 70' lang='grc' dir='ltr'><strong><em>οὖσι</em></strong></span> <span class='ocrx_word' id='word_1_105' title='bbox 568 2105 649 2159; x_wconf 81' lang='grc' dir='ltr'><strong><em>τοῦτο</em></strong></span> <span class='ocrx_word' id='word_1_106' title='bbox 670 2109 837 2179; x_wconf 80' lang='grc' dir='ltr'><strong><em>προστάττει</em></strong></span> <span class='ocrx_word' id='word_1_107' title='bbox 855 2113 962 2161; x_wconf 80' lang='grc' dir='ltr'><strong><em>ποιεῖν·</em></strong></span> 
     </span>
     <span class='ocr_line' id='line_1_21' title="bbox 337 2187 959 2265; baseline 0.008 -23"><span class='ocrx_word' id='word_1_108' title='bbox 337 2187 400 2243; x_wconf 79' lang='lat' dir='ltr'>oo&#39;d&#39;</span> <span class='ocrx_word' id='word_1_109' title='bbox 419 2189 461 2251; x_wconf 85' lang='grc' dir='ltr'><strong><em>εἰς</em></strong></span> <span class='ocrx_word' id='word_1_110' title='bbox 479 2189 508 2244; x_wconf 84' lang='grc' dir='ltr'><strong><em>τὸ</em></strong></span> <span class='ocrx_word' id='word_1_111' title='bbox 529 2191 617 2263; x_wconf 77' lang='grc' dir='ltr'><strong><em>γῆρας</em></strong></span> <span class='ocrx_word' id='word_1_112' title='bbox 636 2188 773 2262; x_wconf 69' lang='grc' dir='ltr'><strong><em>ἀναβολὰς</em></strong></span> <span class='ocrx_word' id='word_1_113' title='bbox 791 2195 959 2265; x_wconf 80' lang='grc' dir='ltr'><strong><em>ποιούμενοι</em></strong></span> 
     </span>
     <span class='ocr_line' id='line_1_22' title="bbox 336 2263 976 2352; baseline 0.008 -23"><span class='ocrx_word' id='word_1_114' title='bbox 336 2263 414 2330; x_wconf 70' lang='grc' dir='ltr'><strong><em>οὗτοι</em></strong></span> <span class='ocrx_word' id='word_1_115' title='bbox 432 2280 666 2349; x_wconf 83' lang='grc' dir='ltr'><strong><em>προςαποτίνουσι</em></strong></span> <span class='ocrx_word' id='word_1_116' title='bbox 687 2280 734 2333; x_wconf 79' lang='grc' dir='ltr'><strong><em>τοῦ</em></strong></span> <span class='ocrx_word' id='word_1_117' title='bbox 748 2276 853 2352; x_wconf 84' lang='grc' dir='ltr'><strong><em>χρόνον</em></strong></span> <span class='ocrx_word' id='word_1_118' title='bbox 873 2281 976 2340; x_wconf 81' lang='grc' dir='ltr'><strong><em>τόκους.</em></strong></span> 
     </span>
     <span class='ocr_line' id='line_1_23' title="bbox 176 2370 375 2439; baseline 0.005 -16"><span class='ocrx_word' id='word_1_119' title='bbox 176 2371 257 2439; x_wconf 90' lang='lat' dir='ltr'>Prop.</span> <span class='ocrx_word' id='word_1_120' title='bbox 276 2372 288 2423; x_wconf 87' lang='lat'><em>1</em></span> <span class='ocrx_word' id='word_1_121' title='bbox 307 2370 375 2438; x_wconf 66' lang='lat' dir='ltr'>aad</span> 
     </span>
     <span class='ocr_line' id='line_1_24' title="bbox 336 2456 960 2526; baseline 0.002 -18"><span class='ocrx_word' id='word_1_122' title='bbox 336 2473 416 2526; x_wconf 84' lang='lat' dir='ltr'>saepe</span> <span class='ocrx_word' id='word_1_123' title='bbox 436 2456 511 2511; x_wconf 82' lang='lat' dir='ltr'>venit</span> <span class='ocrx_word' id='word_1_124' title='bbox 528 2473 631 2526; x_wconf 83' lang='lat' dir='ltr'>magno</span> <span class='ocrx_word' id='word_1_125' title='bbox 649 2456 743 2511; x_wconf 87' lang='lat' dir='ltr'>fenore</span> <span class='ocrx_word' id='word_1_126' title='bbox 762 2456 856 2511; x_wconf 83' lang='lat' dir='ltr'>tardus</span> <span class='ocrx_word' id='word_1_127' title='bbox 874 2471 960 2511; x_wconf 85' lang='lat' dir='ltr'>amor.</span> 
     </span>
     <span class='ocr_line' id='line_1_25' title="bbox 178 2547 486 2603; baseline 0 -1"><span class='ocrx_word' id='word_1_128' title='bbox 178 2547 255 2602; x_wconf 87' lang='lat' dir='ltr'>Ovid.</span> <span class='ocrx_word' id='word_1_129' title='bbox 274 2547 379 2603; x_wconf 90' lang='lat' dir='ltr'>heroid.</span> <span class='ocrx_word' id='word_1_130' title='bbox 398 2550 433 2601; x_wconf 89' lang='lat' dir='ltr'>IV</span> <span class='ocrx_word' id='word_1_131' title='bbox 457 2549 486 2602; x_wconf 88' lang='grc'>19</span> 
     </span>
     <span class='ocr_line' id='line_1_26' title="bbox 339 2632 852 2703; baseline 0.002 -16"><span class='ocrx_word' id='word_1_132' title='bbox 339 2634 416 2688; x_wconf 77' lang='lat' dir='ltr'>venit</span> <span class='ocrx_word' id='word_1_133' title='bbox 434 2650 511 2688; x_wconf 90' lang='lat' dir='ltr'>amor</span> <span class='ocrx_word' id='word_1_134' title='bbox 530 2632 658 2703; x_wconf 80' lang='lat' dir='ltr'>gravius,</span> <span class='ocrx_word' id='word_1_135' title='bbox 686 2650 740 2701; x_wconf 93' lang='lat' dir='ltr'>quo</span> <span class='ocrx_word' id='word_1_136' title='bbox 759 2632 852 2688; x_wconf 79' lang='lat' dir='ltr'>aerius.</span> 
     </span>
    </p>
   </div>
   <div class='ocr_carea' id='block_1_7' title="bbox 144 2737 1315 2821">
    <p class='ocr_par' dir='ltr' id='par_1_7' title="bbox 144 2737 1315 2821">
     <span class='ocr_line' id='line_1_27' title="bbox 144 2737 1315 2821; baseline 0.003 -18"><span class='ocrx_word' id='word_1_137' title='bbox 144 2739 249 2803; x_wconf 85' lang='lat' dir='ltr'>Etiam</span> <span class='ocrx_word' id='word_1_138' title='bbox 271 2739 303 2801; x_wconf 93' lang='lat' dir='ltr'>in</span> <span class='ocrx_word' id='word_1_139' title='bbox 324 2738 416 2803; x_wconf 87' lang='lat' dir='ltr'>Pauli</span> <span class='ocrx_word' id='word_1_140' title='bbox 437 2738 608 2802; x_wconf 89' lang='lat' dir='ltr'>Silentiarii</span> <span class='ocrx_word' id='word_1_141' title='bbox 631 2740 863 2821; x_wconf 82' lang='lat' dir='ltr'>epigrammate</span> <span class='ocrx_word' id='word_1_142' title='bbox 887 2737 989 2802; x_wconf 73' lang='lat' dir='ltr'>vaal</span> <span class='ocrx_word' id='word_1_143' title='bbox 1010 2757 1113 2804; x_wconf 88' lang='lat' dir='ltr'>senex</span> <span class='ocrx_word' id='word_1_144' title='bbox 1139 2745 1315 2808; x_wconf 77' lang='lat' dir='ltr'>seminarius</span> 
     </span>
    </p>
   </div>
   <div class='ocr_carea' id='block_1_8' title="bbox 146 2837 1316 3011">
    <p class='ocr_par' dir='ltr' id='par_1_8' title="bbox 146 2837 1316 3011">
     <span class='ocr_line' id='line_1_28' title="bbox 146 2837 1316 2925; baseline 0.006 -25"><span class='ocrx_word' id='word_1_145' title='bbox 146 2838 278 2902; x_wconf 83' lang='lat' dir='ltr'>Veneris</span> <span class='ocrx_word' id='word_1_146' title='bbox 307 2837 417 2918; x_wconf 83' lang='lat' dir='ltr'>iugum</span> <span class='ocrx_word' id='word_1_147' title='bbox 447 2838 632 2919; x_wconf 83' lang='lat' dir='ltr'>supplicans</span> <span class='ocrx_word' id='word_1_148' title='bbox 653 2838 786 2919; x_wconf 85' lang='lat' dir='ltr'>accipit,</span> <span class='ocrx_word' id='word_1_149' title='bbox 810 2837 859 2901; x_wconf 92' lang='lat' dir='ltr'>cui</span> <span class='ocrx_word' id='word_1_150' title='bbox 880 2857 972 2901; x_wconf 90' lang='lat' dir='ltr'>amor</span> <span class='ocrx_word' id='word_1_151' title='bbox 999 2841 1098 2903; x_wconf 88' lang='lat' dir='ltr'>antea</span> <span class='ocrx_word' id='word_1_152' title='bbox 1121 2846 1316 2925; x_wconf 77' lang='lat' dir='ltr'>peperceral</span> 
     </span>
     <span class='ocr_line' id='line_1_29' title="bbox 182 2943 862 3011; baseline 0.006 -15"><span class='ocrx_word' id='word_1_153' title='bbox 182 2961 207 2996; x_wconf 82' lang='lat' dir='ltr'>v.</span> <span class='ocrx_word' id='word_1_154' title='bbox 225 2943 290 3011; x_wconf 84' lang='lat' dir='ltr'>3sq.</span> <span class='ocrx_word' id='word_1_155' title='bbox 860 2943 862 2946; x_wconf 42' lang='lat'><strong>⁴</strong></span> 
     </span>
    </p>
   </div>
   <div class='ocr_carea' id='block_1_9' title="bbox 150 3018 1323 3582">
    <p class='ocr_par' dir='ltr' id='par_1_9' title="bbox 342 3018 1095 3186">
     <span class='ocr_line' id='line_1_30' title="bbox 342 3018 1095 3100; baseline -0.005 -19"><span class='ocrx_word' id='word_1_156' title='bbox 342 3031 502 3100; x_wconf 81' lang='grc' dir='ltr'><strong><em>γοιοβάροις</em></strong></span> <span class='ocrx_word' id='word_1_157' title='bbox 520 3027 660 3097; x_wconf 79' lang='grc' dir='ltr'><strong><em>βελέεσσιν</em></strong></span> <span class='ocrx_word' id='word_1_158' title='bbox 678 3022 831 3097; x_wconf 84' lang='grc' dir='ltr'><strong><em>α’νὲμβατος</em></strong></span> <span class='ocrx_word' id='word_1_159' title='bbox 851 3018 865 3078; x_wconf 81' lang='grc' dir='ltr'>ὅ</span> <span class='ocrx_word' id='word_1_160' title='bbox 885 3026 951 3097; x_wconf 80' lang='grc' dir='ltr'><strong><em>πρὶν</em></strong></span> <span class='ocrx_word' id='word_1_161' title='bbox 969 3019 1095 3097; x_wconf 82' lang='grc' dir='ltr'><strong><em>Ἐρώτων</em></strong></span> 
     </span>
     <span class='ocr_line' id='line_1_31' title="bbox 393 3110 1000 3186; baseline -0.003 -20"><span class='ocrx_word' id='word_1_162' title='bbox 393 3110 495 3186; x_wconf 75' lang='grc' dir='ltr'><strong><em>αὕχὲνο</em></strong></span> <span class='ocrx_word' id='word_1_163' title='bbox 514 3115 557 3166; x_wconf 83' lang='grc' dir='ltr'>σοὶ</span> <span class='ocrx_word' id='word_1_164' title='bbox 576 3114 666 3176; x_wconf 72' lang='lat' dir='ltr'>ulium,</span> <span class='ocrx_word' id='word_1_165' title='bbox 688 3112 793 3182; x_wconf 76' lang='grc' dir='ltr'><strong><em>Κύπρι,</em></strong></span> <span class='ocrx_word' id='word_1_166' title='bbox 812 3112 1000 3183; x_wconf 80' lang='grc' dir='ltr'><strong><em>μεσοιπόλιος.</em></strong></span> 
     </span>
    </p>

    <p class='ocr_par' dir='ltr' id='par_1_10' title="bbox 150 3198 1323 3582">
     <span class='ocr_line' id='line_1_32' title="bbox 231 3198 1320 3286; baseline 0.002 -21"><span class='ocrx_word' id='word_1_167' title='bbox 231 3202 292 3265; x_wconf 91' lang='lat' dir='ltr'>Sed</span> <span class='ocrx_word' id='word_1_168' title='bbox 317 3203 396 3265; x_wconf 89' lang='lat' dir='ltr'>haec</span> <span class='ocrx_word' id='word_1_169' title='bbox 420 3201 549 3284; x_wconf 88' lang='lat' dir='ltr'>quidem</span> <span class='ocrx_word' id='word_1_170' title='bbox 564 3201 729 3280; x_wconf 86' lang='lat' dir='ltr'>hactenus,</span> <span class='ocrx_word' id='word_1_171' title='bbox 752 3198 903 3281; x_wconf 87' lang='lat' dir='ltr'>sequitur,</span> <span class='ocrx_word' id='word_1_172' title='bbox 927 3202 962 3262; x_wconf 87' lang='lat' dir='ltr'>ul</span> <span class='ocrx_word' id='word_1_173' title='bbox 979 3218 1207 3281; x_wconf 87' lang='lat' dir='ltr'>exponam,</span> <span class='ocrx_word' id='word_1_174' title='bbox 1230 3222 1320 3286; x_wconf 91' lang='lat' dir='ltr'>quo-</span> 
     </span>
     <span class='ocr_line' id='line_1_33' title="bbox 150 3299 1321 3382; baseline 0.001 -20"><span class='ocrx_word' id='word_1_175' title='bbox 150 3301 264 3364; x_wconf 91' lang='lat' dir='ltr'>modo</span> <span class='ocrx_word' id='word_1_176' title='bbox 287 3302 479 3365; x_wconf 89' lang='lat' dir='ltr'>homines</span> <span class='ocrx_word' id='word_1_177' title='bbox 502 3301 584 3375; x_wconf 84' lang='lat' dir='ltr'>illi,</span> <span class='ocrx_word' id='word_1_178' title='bbox 608 3301 655 3363; x_wconf 86' lang='lat' dir='ltr'>de</span> <span class='ocrx_word' id='word_1_179' title='bbox 675 3299 1013 3382; x_wconf 72' lang='lat' dir='ltr'>quibnsegimus</span> <span class='ocrx_word' id='word_1_180' title='bbox 1037 3317 1186 3366; x_wconf 86' lang='lat' dir='ltr'>amore</span> <span class='ocrx_word' id='word_1_181' title='bbox 1204 3300 1321 3366; x_wconf 88' lang='lat' dir='ltr'>corri-</span> 
     </span>
     <span class='ocr_line' id='line_1_34' title="bbox 150 3389 1323 3480; baseline 0.002 -19"><span class='ocrx_word' id='word_1_182' title='bbox 150 3400 324 3480; x_wconf 90' lang='lat' dir='ltr'>piantur.</span> <span class='ocrx_word' id='word_1_183' title='bbox 380 3400 484 3478; x_wconf 88' lang='lat' dir='ltr'>Quam</span> <span class='ocrx_word' id='word_1_184' title='bbox 526 3400 568 3463; x_wconf 92' lang='lat' dir='ltr'>ob</span> <span class='ocrx_word' id='word_1_185' title='bbox 604 3419 672 3463; x_wconf 90' lang='lat' dir='ltr'>rem</span> <span class='ocrx_word' id='word_1_186' title='bbox 711 3399 917 3480; x_wconf 87' lang='lat' dir='ltr'>inspiciamus</span> <span class='ocrx_word' id='word_1_187' title='bbox 954 3398 1094 3480; x_wconf 79' lang='lat' dir='ltr'>primunr</span> <span class='ocrx_word' id='word_1_188' title='bbox 1127 3389 1323 3466; x_wconf 86' lang='lat' dir='ltr'>Philemonis</span> 
     </span>
     <span class='ocr_line' id='line_1_35' title="bbox 150 3496 1238 3582; baseline 0.003 -19"><span class='ocrx_word' id='word_1_189' title='bbox 150 3500 207 3579; x_wconf 83' lang='lat' dir='ltr'>frg.</span> <span class='ocrx_word' id='word_1_190' title='bbox 233 3499 301 3576; x_wconf 84' lang='lat'>138,</span> <span class='ocrx_word' id='word_1_191' title='bbox 324 3499 363 3562; x_wconf 90' lang='lat' dir='ltr'>K.</span> <span class='ocrx_word' id='word_1_192' title='bbox 385 3500 411 3564; x_wconf 89' lang='lat' dir='ltr'>ll</span> <span class='ocrx_word' id='word_1_193' title='bbox 433 3521 463 3582; x_wconf 90' lang='lat' dir='ltr'>p.</span> <span class='ocrx_word' id='word_1_194' title='bbox 488 3501 566 3577; x_wconf 70' lang='lat'>520,</span> <span class='ocrx_word' id='word_1_195' title='bbox 597 3499 684 3581; x_wconf 91' lang='lat' dir='ltr'>quod</span> <span class='ocrx_word' id='word_1_196' title='bbox 708 3499 826 3562; x_wconf 90' lang='lat' dir='ltr'>amoris</span> <span class='ocrx_word' id='word_1_197' title='bbox 848 3498 974 3568; x_wconf 81' lang='lat' dir='ltr'>initium</span> <span class='ocrx_word' id='word_1_198' title='bbox 997 3498 1040 3560; x_wconf 88' lang='lat' dir='ltr'>ita</span> <span class='ocrx_word' id='word_1_199' title='bbox 1063 3496 1238 3565; x_wconf 84' lang='lat' dir='ltr'>describit:</span> 
     </span>
    </p>
   </div>
   <div class='ocr_carea' id='block_1_10' title="bbox 348 3589 946 3669">
    <p class='ocr_par' dir='ltr' id='par_1_11' title="bbox 348 3589 946 3669">
     <span class='ocr_line' id='line_1_36' title="bbox 348 3589 946 3669; baseline 0.003 -22"><span class='ocrx_word' id='word_1_200' title='bbox 348 3589 430 3667; x_wconf 75' lang='grc' dir='ltr'><strong><em>ὁρῶσι</em></strong></span> <span class='ocrx_word' id='word_1_201' title='bbox 448 3600 551 3656; x_wconf 77' lang='grc' dir='ltr'><strong><em>πάντες</em></strong></span> <span class='ocrx_word' id='word_1_202' title='bbox 569 3598 685 3669; x_wconf 77' lang='grc' dir='ltr'>πρῶτον1</span> <span class='ocrx_word' id='word_1_203' title='bbox 705 3593 753 3649; x_wconf 80' lang='grc' dir='ltr'><strong><em>εἶτ’</em></strong></span> <span class='ocrx_word' id='word_1_204' title='bbox 773 3593 946 3668; x_wconf 72' lang='grc' dir='ltr'><strong><em>ἐθαύμασαν,</em></strong></span> 
     </span>
    </p>
   </div>
   <div class='ocr_carea' id='block_1_11' title="bbox 155 3679 1328 4154">
    <p class='ocr_par' dir='ltr' id='par_1_12' title="bbox 351 3679 903 3756">
     <span class='ocr_line' id='line_1_37' title="bbox 351 3679 903 3756; baseline -0.004 -20"><span class='ocrx_word' id='word_1_205' title='bbox 351 3682 436 3736; x_wconf 77' lang='grc' dir='ltr'><strong><em>ἔπειτ’</em></strong></span> <span class='ocrx_word' id='word_1_206' title='bbox 459 3681 666 3756; x_wconf 74' lang='grc' dir='ltr'><strong><em>ἐπεθεώρησαν,</em></strong></span> <span class='ocrx_word' id='word_1_207' title='bbox 686 3679 727 3736; x_wconf 79' lang='grc' dir='ltr'>εἶτ</span> <span class='ocrx_word' id='word_1_208' title='bbox 749 3683 790 3744; x_wconf 82' lang='grc' dir='ltr'><strong><em>εἰς</em></strong></span> <span class='ocrx_word' id='word_1_209' title='bbox 808 3681 903 3736; x_wconf 76' lang='grc' dir='ltr'><strong><em>ἐλπίδα</em></strong></span> 
     </span>
    </p>

    <p class='ocr_par' dir='ltr' id='par_1_13' title="bbox 155 3763 1328 4154">
     <span class='ocr_line' id='line_1_38' title="bbox 348 3763 963 3841; baseline 0.007 -21"><span class='ocrx_word' id='word_1_210' title='bbox 348 3765 488 3822; x_wconf 81' lang='grc' dir='ltr'><strong><em>ἐνέπεσον.</em></strong></span> <span class='ocrx_word' id='word_1_211' title='bbox 519 3763 590 3822; x_wconf 70' lang='grc' dir='ltr'><strong><em>οὕτω</em></strong></span> <span class='ocrx_word' id='word_1_212' title='bbox 609 3763 698 3839; x_wconf 79' lang='grc' dir='ltr'><strong><em>γίνετ’</em></strong></span> <span class='ocrx_word' id='word_1_213' title='bbox 715 3765 747 3822; x_wconf 81' lang='grc' dir='ltr'>ἐκ</span> <span class='ocrx_word' id='word_1_214' title='bbox 766 3772 869 3822; x_wconf 80' lang='grc' dir='ltr'><strong><em>τούτων</em></strong></span> <span class='ocrx_word' id='word_1_215' title='bbox 888 3769 963 3841; x_wconf 80' lang='grc' dir='ltr'><strong><em>ἔρως.</em></strong></span> 
     </span>
     <span class='ocr_line' id='line_1_39' title="bbox 155 3872 1326 3955; baseline 0.008 -19"><span class='ocrx_word' id='word_1_216' title='bbox 155 3872 351 3951; x_wconf 79' lang='lat' dir='ltr'>Congruenti</span> <span class='ocrx_word' id='word_1_217' title='bbox 405 3878 513 3937; x_wconf 90' lang='lat' dir='ltr'>autem</span> <span class='ocrx_word' id='word_1_218' title='bbox 562 3875 687 3937; x_wconf 87' lang='lat' dir='ltr'>ratione</span> <span class='ocrx_word' id='word_1_219' title='bbox 743 3875 830 3955; x_wconf 91' lang='lat' dir='ltr'>apud</span> <span class='ocrx_word' id='word_1_220' title='bbox 881 3875 1112 3951; x_wconf 80' lang='lat' dir='ltr'>Menandrum,</span> <span class='ocrx_word' id='word_1_221' title='bbox 1164 3878 1326 3955; x_wconf 86' lang='lat' dir='ltr'>Plautum,</span> 
     </span>
     <span class='ocr_line' id='line_1_40' title="bbox 157 3972 1328 4056; baseline 0.009 -21"><span class='ocrx_word' id='word_1_222' title='bbox 157 3972 335 4053; x_wconf 87' lang='lat' dir='ltr'>Turpilium</span> <span class='ocrx_word' id='word_1_223' title='bbox 360 3973 509 4049; x_wconf 87' lang='lat' dir='ltr'>iuvenes,</span> <span class='ocrx_word' id='word_1_224' title='bbox 543 3972 597 4035; x_wconf 91' lang='lat' dir='ltr'>ubi</span> <span class='ocrx_word' id='word_1_225' title='bbox 630 3975 769 4055; x_wconf 86' lang='lat' dir='ltr'>primum</span> <span class='ocrx_word' id='word_1_226' title='bbox 800 3974 969 4055; x_wconf 86' lang='lat' dir='ltr'>pulclnam</span> <span class='ocrx_word' id='word_1_227' title='bbox 999 3975 1138 4056; x_wconf 89' lang='lat' dir='ltr'>puellam</span> <span class='ocrx_word' id='word_1_228' title='bbox 1168 3979 1328 4052; x_wconf 71' lang='lat' dir='ltr'>viderunt,</span> 
     </span>
     <span class='ocr_line' id='line_1_41' title="bbox 155 4071 944 4154; baseline 0.005 -21"><span class='ocrx_word' id='word_1_229' title='bbox 155 4071 372 4136; x_wconf 88' lang='lat' dir='ltr'>admiratione</span> <span class='ocrx_word' id='word_1_230' title='bbox 395 4072 485 4153; x_wconf 88' lang='lat' dir='ltr'>capti</span> <span class='ocrx_word' id='word_1_231' title='bbox 507 4071 616 4135; x_wconf 88' lang='lat' dir='ltr'>statim</span> <span class='ocrx_word' id='word_1_232' title='bbox 639 4092 750 4135; x_wconf 89' lang='lat' dir='ltr'>amare</span> <span class='ocrx_word' id='word_1_233' title='bbox 771 4073 944 4154; x_wconf 89' lang='lat' dir='ltr'>incipiunt:</span> 
     </span>
    </p>
   </div>
   <div class='ocr_carea' id='block_1_12' title="bbox 0 0 1492 4920">
    <p class='ocr_par' dir='ltr' id='par_1_14' title="bbox 0 0 1492 4920">
     <span class='ocr_line' id='line_1_42' title="bbox 0 0 1492 4920; baseline 0 0"><span class='ocrx_word' id='word_1_234' title='bbox 0 0 1492 4920; x_wconf 95' lang='lat' dir='ltr'> </span> 
     </span>
    </p>
   </div>
  </div>
 </body>
</html>
