2910 4920
656 219 864 282 ..gq-

137 400 182 464 ab
212 396 465 462 Alexandrinis
494 398 597 480 poetis
618 400 780 482 accepisse
802 401 949 478 credam,
981 421 1054 466 cum
1084 403 1181 468 etiam
1203 404 1341 469 Rufinus

138 500 272 564 similia
300 498 405 562 dicat.
421 497 542 561 anthol.
554 498 621 562 Pal.
636 499 661 560 V
675 501 722 565 18.
766 501 910 583 Longum
931 506 979 565 est
1000 507 1067 567 lota
1087 504 1139 571 illa
1161 505 1341 586 fragmenta

141 608 175 666 el
200 599 372 665 carmina
393 599 446 664 hic
468 599 660 677 adscribere,
682 621 783 682 quare
805 622 926 683 paucos
944 604 1041 667 modo
1063 622 1174 668 versus
1195 605 1338 681 afferam,

144 705 270 786 quiex
291 699 450 764 omnibus
472 700 612 763 maxime
629 701 840 765 consentiunt.
884 702 930 766 De
947 703 1185 770 difficultatibus
1209 709 1241 769 el
1257 705 1341 787 peri-

146 805 246 884 cnliS,
272 821 368 884 quae
389 803 563 880 nuptarum
580 802 696 865 vetitus
710 821 803 866 amor
818 803 979 869 contineat
998 808 1099 885 agunt
1119 805 1199 869 haec
1216 806 1340 870 verba:

184 905 346 965 Xenarchi
365 905 462 973 fragm.
482 905 507 966 4,
519 906 551 960 19
560 922 619 974 sqq.

370 985 403 1049 ἃς
420 985 450 1041 δ’
469 986 526 1042 οὔτ’
543 989 614 1044 ἰδεῖν
633 989 687 1045 ἔστ’
707 989 771 1046 οὗθ’
790 987 888 1065 δρῶντ’
906 992 977 1046 ἰδεῖν
995 994 1094 1060 σαφῶς,

370 1073 414 1129 αεὶ
432 1075 461 1130 δὲ
480 1081 700 1149 τετρεμαίνοντα
721 1081 768 1133 καὶ
786 1077 970 1151 φοβούμενον,

371 1162 479 1215 δεδιότα
498 1160 530 1216 ἐν
549 1163 582 1238 τῇ
598 1167 675 1236 χειρὶ
697 1161 747 1236 τὴν
768 1161 860 1238 ψυχὴν
879 1163 986 1237 ἔχοντα.

197 1256 304 1310 Horat.
323 1259 374 1310 sat.
395 1255 406 1309 l
425 1257 546 1325 2‚18sq.

370 1341 462 1397 desine
479 1345 619 1397 matronas
637 1342 772 1411 seclarieq
790 1342 863 1396 unde
881 1341 981 1396 laboris

369 1428 429 1499 plus
446 1428 558 1483 haurire
575 1428 640 1483 mali
659 1431 700 1482 est
717 1446 800 1496 quam
821 1445 854 1483 ex
872 1445 901 1483 re
918 1428 1062 1498 decerpere
1081 1428 1191 1481 fructus.

200 1520 347 1575 Martialis
365 1521 452 1591 epigr.
469 1523 508 1575 lx
527 1521 595 1590 32‚5
609 1539 648 1590 sq.

370 1612 526 1677 poscentem
544 1624 670 1662 nummos
688 1610 717 1662 ei
734 1605 852 1676 grandia
872 1605 955 1659 verba
972 1607 1116 1659 sonantem

437 1693 575 1764 possideat
592 1682 697 1749 crassae
716 1693 839 1749 mentula
857 1691 1028 1761 Burdigalae.

203 1788 288 1856 Prop.
310 1786 334 1838 ΙΙ
353 1787 419 1853 23,l
430 1805 489 1858 sqq.

373 1874 478 1943 deinde,
497 1873 546 1937 ubi
563 1872 716 1943 pertuleris,
734 1889 802 1940 quos
820 1869 888 1924 dicii
905 1870 988 1931 fama,
1008 1869 1112 1924 labores

439 1959 577 2022 Herculis,
597 1962 628 2013 ut
648 1958 752 2013 scribat
769 1950 899 2011 ‘muneris
918 1955 1015 2024 ecquid
1032 1952 1148 2009 habes'l

369 2063 478 2101 cernere
496 2045 539 2098 uti
556 2044 641 2115 possis
661 2045 767 2099 vultum
786 2043 905 2098 custodis
924 2041 1018 2105 amari,

438 2134 535 2201 captus
553 2135 582 2187 et
600 2131 743 2186 immunda
760 2147 840 2201 saepe
859 2129 944 2183 latere
963 2127 1048 2182 casa?
1065 2144 1119 2196 eqs.

204 2232 297 2288 Rufin.
315 2249 340 2284 v.
359 2227 375 2280 3
390 2244 429 2295 sq.

372 2319 431 2372 ταῖς
447 2310 502 2384 μὲν
518 2306 590 2384 χρὼς
609 2307 732 2363 ἅπόδωδε
750 2307 849 2380 μα’ρον,
868 2304 985 2378 σοβαρόν
1005 2323 1035 2357 τε
1054 2301 1189 2377 φρύαγμα

438 2399 485 2451 καὶ
503 2393 575 2468 μετὰ
595 2394 726 2449 κινδύνου
748 2397 765 2459 †
785 2392 924 2465 ἑσσαμένη
944 2390 1066 2450 σύνοδος.

173 2498 219 2562 De
241 2494 462 2561 meretricibus
484 2497 596 2557 contra
617 2493 698 2555 baec
720 2492 908 2572 loquuntur:

207 2601 347 2658 Xenarchi
366 2600 418 2670 irg.
437 2600 556 2668 4,4sqq.
919 2653 921 2658 ,

687 2677 719 2741 iic
738 2676 830 2738 ἔξεσθ’
848 2675 918 2752 δρᾶν

372 2769 580 2843 εἰληθερούσας,
600 2764 690 2841 στέρν’
709 2764 951 2842 ἆπημφιεσμένας,

370 2854 480 2930 γυμνὰς
500 2855 599 2927 ἐφεξῆς
618 2852 641 2908 τ’
660 2854 706 2910 ε’πί
725 2856 810 2927 κέρως
829 2855 1010 2926 τεταγμένας.

209 2958 289 3025 Prop.
311 2954 336 3007 Il
357 2952 509 3020 23‚13sqq.

372 3041 477 3103 contra,
496 3036 596 3090 reiecto
617 3052 687 3104 quae
706 3034 794 3089 libera
813 3035 889 3089 vadii
907 3035 1019 3106 amictu,

438 3122 579 3177 custodum
599 3126 626 3175 et
644 3123 719 3176 nullo
737 3125 832 3192 saepia
849 3122 950 3179 timore
968 3125 1065 3194 placei.

208 3218 343 3274 Martialis
363 3218 448 3288 epigr.
470 3217 505 3270 lx
529 3217 570 3280 32,
583 3218 596 3270 1
608 3236 647 3286 sq.

368 3304 439 3358 hanc
460 3305 528 3370 volo,
547 3322 617 3372 quae
635 3303 732 3372 facilis,
751 3320 821 3372 qnae
840 3302 982 3372 palliolata
1004 3305 1130 3368 vadatur,

442 3390 513 3444 hanc
532 3392 600 3454 vole,
620 3407 691 3458 quae
708 3407 793 3459 puero
812 3390 867 3444 iam
886 3387 962 3444 dedit
982 3393 1048 3442 anie
1066 3406 1135 3444 meo.

208 3482 297 3537 Rufin.
318 3503 342 3538 v.
363 3486 374 3538 l

368 3571 477 3643 μᾶλλον
497 3570 549 3621 τῶν
568 3567 690 3640 σοβαρῶν
710 3564 758 3628 τὰς
777 3569 902 3627 δουλίδας
922 3565 1124 3640 ἐκλεγόμεσθα.

172 3655 351 3738 Praecipue
369 3662 479 3722 aulem
499 3661 677 3720 scortorum
693 3655 897 3720 concubitum
921 3655 1070 3719 luliorem
1094 3674 1161 3718 esse
1184 3658 1215 3718 el
1239 3653 1342 3717 multo

172 3757 306 3820 minoris
328 3763 475 3823 constare
498 3778 596 3839 quam
620 3761 840 3821 matronarum
865 3760 1065 3820 asseverant:

209 3859 308 3916 Eubuli
327 3864 408 3934 frgm.
429 3865 497 3929 84‚6
510 3881 549 3932 sq.

369 3947 435 4020 παρ’
453 3936 490 4002 ὧν
509 3952 622 4016 βεβαίως
640 3944 769 4015 &aaaron
787 3941 811 3998 τ’
830 3943 918 4002 ἔξεστί
938 3962 980 3995 σοι

368 4035 472 4107 μικροῦ
490 4038 627 4106 πρίασθαι
647 4033 784 4104 κέρματος
803 4028 853 4102 τὴν
874 4027 982 4102 ἡδονήν.
