2910 4920
552 281 766 376 -254

10 484 389 565 Firillustrandum,
422 493 623 569 quantum
655 511 768 555 amor
796 495 836 556 et
863 491 995 557 facies
1017 492 1241 560 muliebris

46 586 443 667 efiicerepossint.
487 588 639 670 lnspioias
662 591 703 654 de
724 592 786 655 hac
804 611 856 656 re:
1028 616 1030 620 ³
1093 640 1096 647 -

96 684 226 754 Properi.
247 686 271 738 ll
290 685 314 752 3,
323 685 358 738 34
366 702 424 753 sqq.
947 688 950 690 ’
972 687 987 729 C

317 771 458 841 pulchrius
475 769 529 823 hac
548 769 648 838 fuerat,
667 769 757 833 Troia.
776 771 866 840 perire
884 771 952 827 tibi:
1093 765 1097 780 ⁶
1184 784 1186 787 ’

264 856 332 912 olim
352 857 481 921 mirabar,
501 856 574 924 quod
592 854 667 909 tanti
686 856 721 910 ad
740 851 876 926 Pergama
893 858 987 913 belli>¹

317 943 444 1013 Europae
462 946 546 1011 atque
563 941 643 996 Asiae
661 960 743 997 causa
756 943 848 1013 puella
865 943 932 999 fuit:
979 988 982 992 .
1096 969 1110 992 s

265 1048 344 1094 nuuc,
361 1028 434 1093 Pari,
453 1031 484 1083 tu
503 1028 610 1098 sapiens
630 1031 659 1084 et
676 1032 716 1092 tu,
734 1029 866 1094 Menelao,
885 1029 972 1096 fuisti,
1087 1035 1089 1039 '

315 1120 347 1170 tu
365 1115 431 1184 quia
448 1115 585 1184 poscebas,
603 1118 635 1169 tu
653 1115 719 1184 quia
738 1116 827 1171 lentus
845 1132 912 1172 eras.
928 1117 930 1120 ’
960 1161 961 1164 ,
989 1121 991 1125 '

263 1202 348 1272 digna
367 1202 414 1256 sed
433 1202 501 1256 haec
512 1200 602 1261 facies.
621 1219 671 1271 pro
685 1220 740 1270 qua
754 1203 796 1257 vel
810 1202 898 1257 obiret
908 1203 1040 1268 Achillem
1058 1210 1060 1215 ⁴
1142 1229 1144 1234 ’
1168 1255 1170 1259 .
1193 1229 1195 1232 ·

316 1290 359 1344 vel
377 1289 486 1344 Priamo
505 1288 570 1343 belli
588 1305 670 1343 causa
688 1289 831 1358 probanda
849 1289 910 1344 fuit.
968 1298 969 1301 ’
1006 1341 1008 1346 .

53 1376 163 1457 Prop.
186 1376 212 1440 ll
233 1378 261 1451 6,
284 1378 321 1440 15
336 1397 383 1457 sq.
408 1377 500 1440 Ovid.
519 1396 618 1439 amor.
640 1377 654 1439 Ι
678 1377 724 1454 10,
744 1377 758 1439 1
776 1397 846 1458 sqq.
869 1396 970 1443 amor.
992 1378 1026 1445 ll,
1042 1379 1089 1455 la,
1113 1380 1149 1447 17
1166 1393 1242 1463 sqq:

56 1476 191 1540 heroid.
213 1476 278 1538 Vlll
300 1477 340 1540 ao
357 1497 427 1558 sqq.
460 1479 521 1542 art.
544 1476 584 1539 Ill
601 1477 660 1540 953
674 1497 743 1558 sqq.
776 1476 938 1557 antholog.
962 1476 1017 1540 lat.
1040 1479 1110 1557 897,
1131 1478 1258 1564 73sq.¹

57 1577 176 1656 Quam
193 1576 335 1639 fabulam
354 1576 418 1639 iam
433 1580 508 1639 ante
525 1575 760 1639 Alexandrinos
773 1576 912 1639 comicos
923 1575 1104 1649 Atticorum
1124 1584 1239 1660 poetas}

11 1740 14 1747 ,
59 1678 113 1740 ita
137 1677 171 1739 in
193 1676 385 1740 amatorium
401 1679 526 1756 partem
550 1675 725 1756 deflexisse,
746 1679 783 1739 ut
799 1676 972 1740 formosam
986 1675 1140 1747 feminam
1163 1680 1241 1744 belli

10 1764 15 1845 f
57 1776 200 1842 Troiani
222 1796 354 1840 causam
377 1776 474 1840 fuisse
496 1776 736 1853 contenderent,
757 1777 921 1858 probatur
933 1777 1129 1858 Antiphanis
1149 1779 1239 1861 frag-⁷

58 1879 180 1940 mento
201 1875 251 1952 48,
271 1875 309 1938 K
332 1876 363 1938 ΙΙ
384 1896 415 1956 p.
439 1876 479 1939 30
1216 1865 1218 1869 ’

298 1965 384 2043 ὃμὲν
402 1971 551 2037 Μενελέως
569 1967 716 2043 ἐπολέμησ’
735 1971 782 2044 ἔτη
800 1972 867 2042 δέκα
956 2028 958 2031 ,
1027 2011 1049 2017 ψ.
1124 2012 1126 2015 ψ
1165 2016 1167 2021 .
1235 1992 1239 2015 f

299 2065 357 2119 τοῖς
380 2060 467 2131 Τρωσὶ
483 2053 529 2111 διὰ
550 2065 670 2127 γυναῖκα
691 2053 741 2129 τὴν
760 2054 830 2124 ὄψιν
849 2055 943 2129 καλήν.
972 2093 978 2099 ⁴

154 2145 216 2209 Sed
238 2147 472 2228 praetermissis
493 2147 635 2210 minutiis
656 2145 699 2209 ad
712 2146 860 2226 graviora
876 2164 1094 2228 properemus.
1136 2144 1235 2207 Prae-

61 2245 161 2326 cipue
193 2245 288 2326 igitur
320 2247 352 2309 in
383 2246 489 2309 Plauti
518 2249 550 2309 et
572 2245 713 2309 Terentii
745 2245 859 2309 fabulis
891 2265 988 2309 vera
1006 2248 1056 2308 'et
1087 2243 1236 2322 nativa

63 2344 349 2426 pulchritudo
372 2344 589 2422 laudatur,
611 2365 695 2426 quae
717 2345 812 2409 nullis
834 2345 1031 2409 ornamentis
1053 2344 1168 2424 adiuta
1185 2343 1237 2407 vel

62 2445 209 2526 expolita
238 2465 296 2526 per
325 2446 507 2510 naturalem
537 2444 740 2528 splendorem
771 2444 915 2518 delectet.
965 2442 1097 2532 Puellae.
1125 2446 1235 2506 autem

63 2545 294 2622 admonentur,
318 2565 359 2608 ne
382 2545 517 2609 formam
539 2565 632 2609 suam
655 2545 754 2608 nimio
773 2545 859 2608 cultu
886 2544 1033 2626 perdant.
1077 2543 1156 2620 Quis
1177 2546 1234 2620 est,

65 2644 149 2726 quin
169 2631 353 2708 meminerit
385 2645 510 2727 lepidae
538 2646 621 2708 illius
642 2664 757 2708 scenae
779 2645 811 2708 in
833 2645 939 2708 Plauti
962 2643 1154 2712 Mostellaria
1177 2644 1235 2706 ob-

66 2744 150 2819 viae,
170 2743 225 2806 uhi
240 2743 369 2825 Scapha
383 2744 610 2808 Philematium
629 2747 776 2821 eructet,
800 2743 962 2824 quomodo
983 2744 1087 2808 forma
1099 2741 1242 2824 colenda?

67 2843 126 2920 sit,
169 2842 326 2907 edoceat?
379 2844 560 2908 Audiamus
600 2863 676 2924 ergo
715 2842 850 2907 callidae
876 2843 1011 2907 ancillae
1043 2847 1234 2923 praecepta:

10 2947 25 2981 ἓ
102 2940 218 2994 Mostell.
234 2941 286 2995 ‘289
299 2958 338 3008 sq.

10 3032 23 3052 “·
215 3026 331 3096 pulchra
348 3025 446 3080 mulier
463 3024 539 3079 nuda
556 3024 609 3079 erit
626 3042 709 3093 quam
726 3026 880 3094 purpurata
896 3023 1048 3094 pulchrior:

218 3130 282 3166 nam
302 3112 324 3166 si
344 3110 458 3181 pulchra
476 3116 525 3180 est,
543 3110 625 3164 nimis
643 3113 742 3164 ornata
759 3111 808 3164 esi.

10 3205 21 3247 Ξ
71 3201 153 3264 Ecce
177 3201 290 3264 eadem
314 3201 451 3264 suadent
468 3199 581 3281 puellis
599 3199 664 3262 suis
684 3197 870 3279 Propertius
887 3201 919 3261 et
934 3196 1074 3272 Ovidius,
1092 3205 1235 3294 'quorum

70 3301 170 3364 verba
192 3319 278 3363 nunc
296 3300 462 3390 respicias:

104 3408 184 3476 Prop.
204 3405 216 3458 1
235 3407 259 3473 2,
271 3407 355 3475 5sqq.

217 3496 388 3560 naturaeque
408 3491 488 3546 decus
506 3491 627 3544 mercato
647 3487 759 3554 perdere
775 3487 850 3542 cultu
869 3487 946 3555 (quid
963 3486 1072 3555 iurati)

293 3595 343 3633 nec
362 3577 449 3631 sinere
468 3577 498 3629 in
515 3573 634 3646 propriis
651 3573 775 3628 membra
792 3573 880 3627 nitere
899 3572 998 3626 bonis?
1074 3587 1075 3593 ¹

217 3665 297 3720 crede
315 3664 396 3732 mihi,
413 3681 470 3718 non
487 3663 544 3717 ulla
561 3667 626 3719 tuae
644 3663 685 3715 eat
703 3660 840 3716 medicina
856 3661 973 3731 figurae:

294 3751 383 3805 nudus
401 3750 485 3804 Amor
504 3751 609 3805 formae
626 3771 681 3808 non
699 3757 775 3808 amat
794 3754 934 3809 artificem.

70 3837 123 3901 Ad
148 3821 245 3919 quem
262 3837 419 3920 Propertii
442 3839 547 3901 locum
569 3841 739 3904 nonnullos
761 3842 966 3922 anthologiae
988 3841 1107 3907 latinae
1129 3859 1239 3903 versus

71 3937 199 4019 aspergi
222 3957 316 4019 posse
338 3939 454 4002 iterum
477 3939 556 4003 mihi
579 3941 712 4004 comiter
732 3942 886 4006 indicavit
907 3942 1042 4006 Birtius:

107 4036 213 4091 anthol.
232 4036 281 4091 lat.
301 4035 403 4102 mum

218 4125 293 4176 totus
311 4124 352 4176 est
368 4121 400 4174 in
419 4121 502 4176 armis
520 4121 601 4188 idem,
620 4123 730 4190 quando
748 4124 836 4177 nudus
855 4127 895 4178 esi
912 4124 1005 4186 Amor,
