2910 4920
542 325 749 388 ..10-

54 506 177 591 pastor,
205 503 268 582 (ed.
291 501 448 584 Hercher)
477 501 504 566 ll
526 503 590 579 Μ
621 502 758 564 δύναται
790 502 827 564 δὲ
861 503 893 584 (ὁ
915 499 1028 585 Ἔρως)
1062 503 1243 573 τοσοῦτον,

55 587 137 668 ὅσον
168 604 247 689 οὐδὲ
269 604 286 667 ὁ
308 599 407 677 Ζεύς·
437 606 552 682 κρατεῖ
570 607 631 682 μὲν
662 607 846 682 στοιχείων,
877 605 992 682 κρατεῖ
1018 603 1059 666 δὲ
1092 600 1243 684 ἄστρων,

58 708 174 784 κρατεῖ
189 705 232 792 δὲ
251 707 317 786 τῶν
339 703 461 783 ὁμοίων
483 704 583 765 θεῶν.
625 703 786 768 Heliodor.
807 703 957 786 Aethiop.
981 704 1044 784 (ed.
1068 705 1242 788 Hirschig)

56 803 98 866 lV
118 806 164 884 10,
182 805 224 869 47
245 812 394 884 μέγιστος
416 804 476 882 γάρ
498 806 589 864 θεῶν
611 801 744 882 δ”Ερως
765 804 819 865 καὶ
841 798 905 886 ἤδη
927 804 981 865 καὶ
1004 807 1104 866 θεῶν
1126 805 1243 870 αὐτῶν

57 926 140 966 ποτε
170 907 302 983 κρατεῖν
330 903 510 984 λεγόμενος.
535 901 718 967 'Chariton
749 904 810 981 (ed.
840 902 996 984 Hercher)
1018 905 1064 968 Vl
1089 907 1164 985 3st
1197 913 1242 979 τίς

59 1001 121 1084 γάρ
142 1004 236 1068 ἐστιν
256 1000 357 1082 Ἔρως
379 1000 539 1081 πρότερον
561 997 678 1087 ἤκουον
700 1004 735 1064 ἐν
764 1002 937 1082 μύθοις-τε
959 1003 1012 1065 καλ
1036 1002 1239 1087 ποιήμασιν,

60 1101 80 1164 i'
80 1126 111 1166 τι
132 1106 249 1182 κρατεῖ
268 1099 405 1178 πάντων
425 1103 492 1164 τῶν
512 1106 604 1164 θεῶν
625 1102 679 1165 καλ
702 1101 806 1164 αὐτοῦ
827 1102 886 1165 τοῦ
908 1100 994 1171 Διός.

139 1203 221 1268 Cum
240 1196 344 1267 Amor
357 1194 485 1267 tantum
507 1203 623 1280 valeat,
641 1207 788 1267 amantes
802 1222 1048 1284 nonnumquam
1074 1205 1116 1268 de
1134 1205 1238 1272 nimia

61 1302 129 1366 eius
157 1303 302 1384 potentia
335 1306 531 1386 queruntur,
564 1306 600 1366 ut
627 1303 659 1366 in
679 1301 799 1392 ¹Naevii
821 1301 1027 1383 Gymnastico
1056 1304 1119 1387 frg.
1154 1327 1237 1372 com.

56 1402 151 1467 Rom.
174 1421 204 1466 v.
226 1404 276 1481 55,
298 1423 328 1485 p.
356 1404 391 1467 17
413 1403 512 1466 Ribh.

161 1501 264 1571 edepol,
283 1501 395 1571 Cupido,
414 1519 477 1556 cum
494 1503 525 1555 tu
543 1503 601 1555 tam
620 1499 757 1570 pausillus,
776 1498 858 1553 nimis
876 1499 995 1553 multum
1013 1501 1097 1557 vales

58 1589 149 1665 Ecce,
173 1588 287 1652 iterum
311 1587 509 1653 concordant
530 1587 662 1669 elegiaci
684 1591 800 1670 poetae
823 1606 895 1651 cum
919 1588 1066 1653 comicis:

71 1709 73 1714 ·
92 1685 171 1742 ovid.
190 1703 276 1740 amor,
294 1686 307 1740 I
328 1687 350 1754 1,
368 1686 399 1740 13
454 1723 456 1726 ι

160 1774 224 1825 sunt
242 1770 294 1825 tibi
313 1789 423 1840 magna,
442 1786 518 1840 puer,
536 1769 708 1840 nimiumque
724 1771 852 1842 potentia
869 1790 961 1843 regna.

56 1856 129 1932 Huc
159 1876 305 1939 apponas
327 1857 459 1921 Achillis
479 1857 564 1921 Tatii
586 1858 608 1940 l,
630 1859 691 1935 21
725 1859 786 1937 (ed.
810 1859 965 1942 Hercher)
999 1860 1146 1941 ἔβλεπον
1178 1868 1237 1928 τόν

57 1955 179 2038 ἄγοντα
201 1957 261 2018 τιλν
280 1953 496 2038 βοῦνἝρωτά
510 1957 564 2019 καὶ
585 1949 683 2036 ‘oior',
706 1948 811 2038 εἶπον,
834 1955 937 2040 ίἄρχει
951 1965 1073 2044 βρέφος
1089 1963 1236 2045 οὐρανοῦ

56 2056 110 2143 καλ
132 2059 186 2140 γῆς
206 2061 264 2116 κατ’
276 2054 462 2138 θαλάττηξ.
781 2121 784 2124 ⁴

140 2155 264 2233 Quibus
292 2156 438 2238 peractis
462 2155 577 2220 iterum
604 2156 733 2237 longam
763 2158 867 2237 illam,
904 2159 962 2224 sed
991 2180 1065 2224 mea
1098 2165 1237 2245 quidem

58 2255 216 2320 sententia
244 2254 334 2320 haud
364 2248 594 2319 infructuosam
624 2256 709 2320 viam
742 2276 761 2320 a
785 2247 959 2339 tragoediis
984 2259 1027 2323 ad
1050 2266 1237 2348 comodias,

59 2354 175 2419 deinde
202 2355 246 2419 ad
272 2355 378 2436 elegos
399 2375 519 2420 eamus.
563 2355 835 2422 Proficiscendum
866 2361 976 2422 autem
1004 2379 1043 2422 ex
1066 2366 1239 2430 nonnullis

60 2438 255 2535 tiagicorum
280 2456 373 2533 locis,
403 2455 521 2539 quibus
542 2456 644 2519 Amor
672 2461 707 2519 ut
736 2457 872 2521 bellator·
894 2458 943 2521 vel
965 2459 1055 2540 pugil
1078 2460 1237 2543 invictus,

58 2554 107 2617 cui
131 2574 243 2618 omnes
266 2554 317 2619 dei
340 2553 550 2636 hominesque
574 2555 700 2636 cedant,
724 2556 922 2638 depingitur:

92 2658 216 2727 Sophool.
235 2658 333 2714 Traeh.
352 2660 401 2712 441
413 2677 470 2728 sqq.

272 2743 373 2817 Ἔρωτι
392 2743 446 2816 μὲν
464 2745 516 2799 νῦν
533 2739 608 2807 ὅστις
624 2742 828 2799 ἀντανίσταται
908 2785 911 2791 -

276 2833 384 2901 πύκτης
402 2823 474 2891 ὅπως
492 2828 521 2891 ἐς
535 2838 641 2904 χεῖρας,
662 2829 693 2885 οὗ
714 2831 804 2892 καλῶς
823 2839 932 2903 φρονεῖ.

277 2901 358 2976 οἶτος
376 2913 431 2988 γὰρ
451 2913 531 2989 ἄρχει
552 2919 599 2970 καὶ
618 2917 701 2980 θεῶν,
721 2912 793 2978 ὅπως
812 2918 899 2972 θέλει.

58 3003 295 3085 Comparentur
323 3004 421 3068 etiam
444 3005 592 3087 Sophocl.
615 3007 722 3087 Antig.
746 3007 801 3070 781
831 3003 929 3086 Ἔρως
958 3007 1093 3069 ἀνίκατε
1117 3009 1238 3091 μάχαν

57 3106 88 3166 el
107 3103 248 3186 Euripid.
265 3104 322 3185 frg.
338 3104 410 3183 430,
422 3107 450 3182 3,
471 3104 509 3168 Ν.
533 3126 564 3187 p.
576 3105 639 3169 492
654 3103 779 3184 Ἔρωτα
801 3105 938 3167 πάντων
960 3106 1238 3186 δωσμαχώτατον

59 3201 153 3267 θεόν.
196 3202 287 3280 Quae
302 3203 497 3282 eademfere
514 3206 556 3269 ab
569 3206 689 3270 Amore
704 3207 737 3269 in
749 3205 916 3284 Venerem,
939 3206 1082 3289 alioquin
1097 3210 1236 3276 mollem

62 3305 94 3365 et
115 3302 226 3366 mitem
251 3303 364 3382 deam,
394 3305 632 3369 transferuntur
661 3307 693 3368 in
716 3306 883 3387 Sophoclis
912 3306 1093 3387 fragmento
1117 3309 1235 3376 incert.

58 3402 129 3479 855,
153 3404 198 3481 13,
220 3402 309 3485 N.'p.
333 3404 394 3468 329

280 3497 332 3556 τίν’
352 3497 386 3555 οὕ
402 3498 547 3556 παλαῖσαί
565 3499 594 3562 ἐς
613 3503 672 3573 τρὶς
690 3500 815 3571 ἐκβάλλει
835 3503 919 3557 θεῶν.

277 3590 305 3644 εἴ
325 3610 376 3661 μοι
396 3591 489 3662 θέμις,
507 3589 593 3661 θέμις
611 3588 641 3642 δὲ
659 3585 683 3642 τ’
702 3585 794 3661 ἀληθῆ
812 3589 916 3658 λέγειν,

277 3672 346 3738 Διὸς
364 3684 499 3749 τυραννεῖ
513 3678 684 3748 πλευμόνων,
703 3673 771 3729 ἄνευ
790 3675 878 3748 δορός,

278 3759 346 3816 ἄνευ
361 3762 482 3835 σιδήρου.

144 3851 288 3929 Quorum
310 3871 376 3914 non
392 3850 595 3915 immemores
612 3849 763 3914 videntur
778 3851 891 3914 comici
902 3852 1083 3915 Atticorum
1100 3859 1232 3934 poetae,

61 3971 143 4034 quos
165 3951 299 4015 Plautus
321 3951 353 4014 in
377 3950 553 4014 Cistellaria
576 3954 608 4013 et
630 3950 727 4014 Persa
750 3952 912 4032 expressit,
935 3952 989 4015 ubi
1013 3952 1167 4034 legimus:

79 4055 198 4118 ,caten
215 4054 267 4109 300

195 4158 261 4197 cave
279 4140 323 4204 sis,
342 4160 405 4196 cum
425 4141 525 4196 Amore
544 4143 575 4195 tu
593 4159 726 4210 umquam
743 4143 844 4197 bellum
862 4141 1015 4211 sumpseris.
