2910 4920
709 351 915 414 -74-

253 524 373 580 Straton.
392 525 500 579 anthol.
519 525 576 579 Pal.
595 526 711 582 x11241

413 608 564 684 ἄγκιστρον
583 616 735 686 πεπόηκας,
756 615 830 687 ἔχεις
848 610 933 686 ἰχθὺν
953 613 1011 687 ἐμέ,
1031 615 1140 678 τέκνον,

466 696 528 751 ἕλκε
545 695 577 771 μ’
595 694 665 754 ὅπου
683 697 787 770 βούλει,
806 697 845 772 μὴ
866 701 954 774 τρέχε,
972 700 1012 773 μή
1031 720 1062 754 σε
1082 697 1170 768 φύγω.

223 786 307 850 Tum
331 786 451 850 multae
472 788 650 851 sententiae
670 790 713 852 ad
735 790 909 871 aucupium
932 790 1103 872 pertinent,
1137 809 1176 853 ex
1199 789 1319 870 quibus
1340 787 1400 851 has

223 886 288 949 lere
310 885 458 950 collectas
480 886 603 950 habeo:
625 888 730 951 Plaut.
750 888 837 952 Asin.
862 889 1004 971 215sqq.
1026 888 1090 952 ‘hic
1111 892 1220 953 noster
1243 892 1401 970 quaestus

223 985 341 1067 aucupi
368 984 583 1062 simillimusl’,
616 1007 681 1068 eqs.
715 1036 721 1050 .
747 1035 784 1051 ..
824 1008 854 1051 v.
879 990 940 1053 ale
971 988 1077 1052 ‘aedes
1105 988 1199 1052 nobis
1231 1007 1310 1051 area
1342 991 1399 1054 est,

225 1102 345 1166 auceps
365 1104 435 1148 sum
456 1104 531 1165 ege,
562 1105 634 1150 esca
657 1090 705 1150 est
725 1087 894 1165 meretrix,
920 1088 1019 1152 lectus
1041 1088 1125 1151 inlex
1148 1091 1211 1165 est,
1235 1089 1400 1150 amatores

225 1184 310 1247 aves'
333 1204 408 1266 eqs.,
438 1184 589 1248 Bacchid.
612 1186 652 1249 50
681 1185 797 1250 ‘viscus
818 1206 926 1250 merus
947 1191 1087 1251 vostrast
1108 1185 1286 1258 blanditia’,
1317 1186 1400 1248 Bac·

226 1283 310 1347 ebid.
345 1285 420 1347 1157
452 1283 567 1348 ‘taetus
603 1305 674 1348 sum
705 1287 913 1349 vehementer
945 1287 1049 1364 visco',
1090 1286 1241 1366 Meleagri
1276 1285 1399 1350 anthol.

224 1383 291 1447 Pal.
313 1383 338 1445 V
357 1386 397 1448 95
419 1381 490 1454 ἰξόν
513 1385 593 1463 ἔχεις
616 1385 654 1445 τό
672 1384 807 1466 φίλημα.
847 1386 1038 1450 Aristaenet.
1060 1389 1090 1451 ΙΙ
1111 1387 1161 1463 ll,
1176 1387 1213 1449 17
1242 1381 1402 1464 denegem

225 1482 268 1543 en?
301 1481 436 1544 πάντων
467 1479 603 1563 ὄμματα
632 1484 686 1544 καὶ
718 1485 896 1563 nocetum
932 1483 1121 1566 καινότερον
1149 1483 1292 1564 τρόπον,
1332 1474 1402 1545 οἷον

225 1577 302 1645 οὔτε
325 1580 425 1661 ἰχθῦν
447 1582 555 1656 ἁλιεύς
577 1581 725 1647 stravere
747 1581 825 1648 οὔτε
847 1579 938 1664 ὄρνιν
951 1576 1113 1667 θηρέντής
1130 1579 1208 1648 οἰῖτε
1229 1594 1404 1664 κυνηγέτης

227 1679 360 1762 νεβρόν·
394 1681 464 1743 a‘tl'
487 1683 595 1744 ἐκεῖνα
617 1687 678 1761 μὲν
699 1683 772 1765 dne
795 1682 961 1747 δελεάτων
991 1681 1012 1766 ἢ
1033 1687 1098 1746 τῶν
1120 1681 1199 1759 lgm
1221 1679 1405 1763 ὁι’γουσιντ’1

231 1778 321 1853 ὅπως
352 1791 435 1843 ποτέ
464 1802 528 1864 eqs.
581 1782 703 1847 Deinde
725 1805 763 1848 ex
783 1785 1005 1849 Romanorum
1037 1784 1184 1865 elegiacis
1213 1783 1319 1866 poetis
1342 1784 1402 1846 irn-

229 1881 340 1964 primis
357 1882 399 1945 ab
412 1881 527 1946 Ovidio
546 1884 675 1965 aucupii
691 1886 890 1966 comparatio
905 1885 1093 1961 adhibetur3
1116 1884 1169 1948 hic
1191 1883 1324 1965 quidem
1340 1883 1401 1947 ita:

260 1982 311 2034 art.
332 1979 496 2048 111501sq.

421 2066 567 2136 deceptum
585 2066 639 2130 risi,
656 2067 705 2136 qui
723 2083 750 2120 ee
769 2065 917 2121 simulabat
933 2083 1025 2121 amare

470 2153 499 2206 in
517 2155 627 2222 laqueos
645 2171 743 2224 auceps
761 2153 953 2222 decideratque
971 2168 1040 2206 suos.

263 2249 316 2300 art.
336 2245 376 2299 111
396 2248 445 2300 667
456 2265 514 2317 sqq.

632 2315 698 2385 quid
718 2317 813 2385 aperto
831 2317 940 2384 pectore
958 2313 987 2366 in
1006 2312 1114 2367 boetem
1195 2359 1197 2362 .

472 2403 568 2458 mittor
587 2406 614 2457 et
632 2401 732 2456 indicio
751 2401 850 2470 prodor
869 2400 904 2454 ab
924 2400 981 2468 ipse
1000 2397 1083 2452 meo?

404 2506 460 2542 non
481 2488 538 2562 agie
557 2487 707 2558 aucupibus
725 2490 869 2549 monstrat,
888 2504 943 2554 qua
960 2489 1040 2555 parte
1058 2486 1177 2555 petatur.

312 2577 456 2658 Denique
484 2576 565 2640 retia
587 2576 637 2640 vel
667 2575 779 2656 plagas
801 2574 970 2638 iuvenibus
1000 2592 1066 2636 non
1087 2572 1190 2636 solum
1214 2591 1234 2634 a
1255 2571 1405 2634 meretri·

232 2677 331 2755 cibuS,
354 2676 410 2740 sed
424 2676 520 2740 etiam
541 2676 583 2738 ab
597 2676 717 2739 Amore
739 2675 808 2755 ipso
828 2673 917 2737 tendi
938 2672 990 2736 hic
1013 2670 1259 2735 commemorari
1283 2674 1403 2752 potest,

232 2775 367 2857 legimus
390 2776 493 2839 euim:

265 2874 339 2929 l'rin.
358 2874 409 2928 237
424 2892 463 2943 sq.

420 2977 572 3029 numquam
590 2959 674 3012 Amor
692 2972 858 3026 quemquem
877 2953 929 3008 nisi
947 2953 1076 3023 cupidum
1096 2951 1238 3008 h'ominem

421 3049 586 3117 postulatae
605 3045 634 3100 in
652 3044 748 3114 plagas
766 3043 895 3097 conicere.

267 3133 345 3187 Ovid.
366 3133 470 3187 heroid.
491 3133 556 3187 XIX
577 3131 649 3201 (XX)
668 3131 702 3183 45
715 3147 753 3197 eq.

425 3223 456 3274 ut
474 3221 582 3289 partem
602 3215 725 3285 effugias,
744 3230 799 3268 non
818 3213 911 3267 omnia
929 3211 1000 3267 retia
1019 3211 1104 3280 falles,

475 3322 545 3373 quae
563 3303 623 3366 tibi,
643 3320 725 3370 quam
744 3300 837 3362 eredis,
857 3299 937 3369 plura
955 3296 1075 3352 tetendit
1092 3297 1186 3351 Amor.

268 3393 401 3463 Meleagri
420 3392 506 3462 epigr.
526 3390 630 3445 anthol.
649 3389 706 3443 Pal.
725 3390 746 3439 V
771 3387 905 3454 177‚8sq.

423 3476 518 3550 μήποτ
538 3475 588 3528 νῦν
608 3481 709 3545 ψυχαῖς
729 3470 795 3525 ἄλλα
817 3474 911 3540 τίθησι
931 3472 992 3522 λίνα
1013 3466 1134 3542 (Ἔρως).

312 3567 435 3645 Quibus
457 3566 553 3629 rebus
574 3563 712 3645 peractis
743 3579 859 3624 avaras
889 3557 1071 3621 meretrices
1100 3556 1281 3637 relinquam
1303 3559 1337 3618 et
1360 3555 1406 3617 de

233 3667 439 3731 militibus
461 3664 549 3727 illis
571 3661 786 3743 gloriosis,
811 3659 865 3740 qui
888 3658 1016 3739 saepius
1038 3657 1070 3719 in
1088 3655 1195 3720 Plauti
1211 3660 1242 3718 et
1261 3654 1406 3718 Terentii

236 3767 408 3832 comoediis
439 3764 562 3847 praeda
594 3759 779 3842 locupletati
810 3758 896 3842 apud
933 3756 1116 3819 meretrices
1148 3754 1406 3819 adulescentium

234 3867 349 3932 rivales
381 3865 553 3941 exsistunt,
588 3880 693 3943 pauca
723 3859 839 3922 dicam.
889 3856 1081 3937 Reperimus
1112 3855 1213 3931 enim,
1244 3853 1276 3916 ni
1300 3853 1406 3928 fallor,

236 3967 375 4031 comicos
396 3965 465 4028 illos
488 3963 603 4027 milites
625 3961 656 4024 in
680 3957 812 4033 Tibulli,
833 3956 1008 4037 Propertii,
1031 3954 1136 4018 Ovidii
1159 3953 1263 4034 elegis.
1308 3951 1407 4030 Quod

236 4065 389 4147 exemplis
411 4064 516 4128 allatis
539 4061 742 4124 corroborem
765 4076 893 4120 necesse
917 4059 974 4118 est.
1025 4055 1058 4117 ln
1082 4052 1285 4118 Phoenicidis
1306 4051 1408 4132 igitur

233 4167 413 4245 fragmento
432 4164 461 4240 4,
491 4163 528 4226 K.
550 4161 590 4224 Ill
611 4180 642 4241 p.
660 4159 720 4223 334
742 4156 892 4220 meretrix
915 4155 954 4217 de
983 4154 1082 4217 milite
1111 4153 1272 4234 quodam,
1305 4171 1405 4232 quem

235 4266 318 4329 inter
340 4268 501 4328 amatores
522 4259 645 4337 habuit,
668 4258 714 4323 ita
735 4258 848 4321 narrat
868 4274 898 4317 v.
917 4255 936 4317 5
953 4274 1018 4336 sq:
