2910 4920
617 351 825 417 „50-

327 519 433 584 θνατὸς
453 520 483 576 d’
502 521 639 600 ddcvdtqr
659 529 837 600 συστήσομαι.
867 526 903 601 ἢν
921 529 951 584 δὲ
968 529 1077 602 βοηθὸν

362 607 476 682 Βάκχον
494 611 550 684 ἔχη,
570 616 596 666 τί
612 613 701 686 μόνος
720 612 788 687 πρὸς
806 613 849 670 ‹ht'
867 612 924 687 ἐγὼ
939 615 1082 690 diruptam

133 692 247 758 Achill.
281 696 351 761 Tat.
382 697 407 760 II
439 700 525 776 10‚3
566 701 671 764 notra
705 704 766 782 γάρ
797 693 839 787 ἦν
872 705 914 767 τοὶ
945 701 1025 768 τότε
1056 705 1227 784 ὁπλίζοισά
1252 731 1264 788 μ

134 795 285 877 dadberto.
317 787 412 875 οἶνος,
435 800 521 877 ἔρως,
544 800 646 880 ἐλπίς,
670 804 796 885 ἐρημία.
840 805 955 869 Achill.
979 806 1052 870 Tat.
1076 808 1104 872 II
1126 809 1185 886 3‚3
1205 805 1264 888 Ἔριι

134 894 248 956 δὲκαὶ
271 893 447 974 Διόνυσος,
478 895 539 960 δύο
559 903 660 978 βίαιοι
681 903 774 981 θεοὶ,
805 904 917 991 ψυχήν
945 902 1170 984 κατασχόντες
1195 909 1263 987 ἐκμα

135 1013 246 1056 νουσιν
269 993 313 1066 εἰς
336 994 587 1076 α’ναισχιιντιάν,
624 998 642 1061 o‘
663 1004 724 1081 μὲν
746 1000 836 1064 κάων
857 1003 962 1088 αὐτήν
984 1006 1030 1085 τῷ
1052 1006 1193 1091 συνήθει
1213 1029 1264 1085 niro

133 1094 152 1157 o‘
173 1093 212 1154 δὲ
234 1094 292 1155 τὸν
314 1084 402 1156 οἶνοι·
424 1094 618 1176 ὑπέκκαυμα
641 1107 757 1180 φέρων·
781 1092 866 1174 οἶνος
887 1101 949 1182 γαρ
971 1106 1090 1183 ἔρωτος
1111 1104 1222 1189 τροφή.

167 1193 423 1264 Prop.13‚13sq.

328 1285 357 1336 et
374 1280 500 1350 quamvis
518 1281 623 1351 duplici
640 1287 795 1353 correptum
814 1285 909 1341 ardore
926 1285 1054 1344 iuberent

389 1369 441 1421 hac
459 1368 544 1422 Amor
561 1368 613 1423 hac
632 1369 721 1434 Liber,
740 1372 823 1426 durus
841 1377 956 1443 uterque
974 1375 1047 1430 deus.

169 1455 247 1510 Ovid.
267 1472 351 1509 amor.
372 1455 383 1506 I
403 1456 427 1517 6,
439 1457 472 1508 59
486 1473 525 1523 sq.
964 1462 969 1475 “

329 1558 385 1594 nox
404 1545 432 1596 et
450 1559 527 1596 amor
548 1541 696 1610 vinumque
715 1542 786 1596 nihil
807 1544 974 1600 moderabile
993 1548 1124 1602 suadent:

389 1628 437 1683 illa
454 1627 558 1697 pudore
577 1632 665 1690 vacat,
684 1628 764 1683 Liber
785 1634 922 1699 Amorque
940 1637 1023 1688 metu.

119 1733 265 1797 'Utinam
289 1734 382 1797 nobis
404 1734 598 1796 comicorum
622 1733 802 1796 Atticorum
826 1736 959 1818 vestigia
989 1738 1024 1802 in
1045 1740 1144 1821 elegis
1168 1741 1264 1804 Alexa

135 1834 236 1899 drinis
258 1839 290 1897 et
311 1833 468 1897 Romanis
489 1833 719 1912 indagantibus
740 1853 867 1916 semper
895 1840 962 1900 tam
993 1838 1088 1902 certis
1117 1841 1264 1905 testimon

135 1934 181 1998 uti
203 1934 327 1996 liceret!

218 2033 363 2114 Denique
391 2052 463 2095 cum
487 2031 675 2095 Philemone
699 2034 845 2097 concedit
875 2035 972 2119 etiam
994 2035 1184 2118 Propertius
1207 2039 1262 2102 ebr

134 2136 233 2196 tatem
257 2132 440 2213 ignoscendi
463 2131 586 2213 peccati
613 2149 745 2195 causam
767 2153 851 2210 esse,
882 2153 959 2198 uam
980 2134 1108 2200 dicunt:

170 2230 284 2284 Philam.
304 2229 355 2298 frg.
374 2229 427 2284 inc.
450 2231 506 2291 194.
526 2228 559 2282 Κ.
579 2229 670 2282 11531

331 2312 463 2387 ἐμέθυον·
482 2310 564 2384 ἱκανὴ
585 2312 723 2387 πρόφασις
743 2315 783 2375 εἰς
802 2311 1008 2386 θιῖμαρτιίνειν.

169 2404 198 2456 et
216 2402 297 2472 Prop.
318 2401 344 2454 II
362 2401 404 2470 34,
418 2401 447 2454 21

328 2506 385 2543 uua
402 2491 496 2543 tamen
515 2504 596 2542 causa
614 2489 662 2549 est,
682 2503 738 2554 qua
755 2486 872 2540 crimina
889 2488 970 2541 tauta
988 2487 1109 2555 remitto,

388 2575 519 2631 errabant
537 2574 626 2627 multo
645 2573 718 2641 quod
736 2577 785 2627 tua
805 2573 888 2628 verba
905 2590 988 2628 mero.

214 2680 315 2744 Porro
331 2680 571 2761 amatores-qui
587 2678 674 2742 nullo
691 2678 787 2742 modo
803 2678 994 2742 desiderium
1011 2699 1106 2743 suum
1120 2680 1222 2744 lenire
1236 2702 1264 2762 pi

135 2784 211 2844 sunt
232 2780 417 2844 adamatae
433 2779 558 2859 puellae
575 2779 705 2842 ianuam
722 2777 855 2840 veniunt
871 2781 902 2840 et
918 2777 1077 2841 flebilibus
1099 2780 1264 2843 carminib

137 2900 221 2962 quae
240 2879 450 2944 aPIutarcho
465 2881 602 2941 amator.
637 2878 657 2940 8
680 2876 1064 2954 napantavoi'ttvpa
1087 2876 1250 2955 dicuntur,

137 2979 407 3054 intromittantur,
441 2981 556 3059 petunt
585 2976 633 3038 vel
665 2976 781 3040 exclusi
813 2976 937 3056 puellae
960 2980 993 3039 et
1015 2976 1133 3040 ianuae
1155 2978 1264 3043 duritie

136 3080 314 3160 deplorant.
367 3077 434 3141 Iam
470 3078 502 3140 in
537 3076 763 3156 Aristophanis
795 3075 1017 3138 Ecclesiazusis
1049 3077 1112 3140 9⁸30
1131 3097 1205 3158 sqq.
1245 3083 1264 3141 t:

136 3198 266 3243 carmen
288 3178 436 3241 traditur.
480 3177 563 3240 Tum
587 3176 619 3238 iu
644 3176 749 3239 Plauti
769 3175 960 3239 Curculione
979 3176 1117 3256 tt5sqq.
1142 3176 1264 3240 Phaedi

135 3299 207 3343 mus
228 3276 421 3359 lepidissime
451 3276 534 3339 sores
564 3279 721 3338 occentat.
777 3274 837 3338 Hic
860 3278 1042 3338 amatorum
1073 3294 1144 3338 mos
1167 3295 1264 3340 comu

135 3384 280 3442 moratur
301 3377 399 3439 etiam
424 3375 454 3437 iu
476 3374 581 3438 Plauti
606 3373 783 3438 Mercatore
803 3374 922 3455 Iotsq.

595 3472 705 3541 quaudo
724 3472 832 3527 incedat
850 3488 899 3541 per
918 3472 983 3538 vias,

329 3557 525 3626 contemplat,
545 3558 720 3627 conspiciant
737 3574 792 3626 eqs.
874 3560 1018 3612 occentent
1037 3555 1146 3621 ostium,

282 3686 288 3698 .
324 3645 339 3696 7

67 3710 71 3717 ³
169 3649 198 3701 el
214 3646 280 3699 pm
306 3644 360 3784 5ah
377 3729 450 3785 euim
470 3729 512 3783 illi
531 3732 615 3783 noctu
635 3727 822 3782 occentabunt
841 3727 949 3796 ostium,
968 3730 1083 3781 exurent
1100 3726 1180 3781 tores.

138 3831 254 3896 Postea
275 3834 568 3898 Alexandrinorum
592 3836 624 3896 et
647 3832 869 3896 Romanorum
892 3835 1008 3912 poetae
1037 3832 1187 3894 amatorii
1219 3832 1261 3895 hu

139 3932 263 4010 generis
285 3933 428 3997 carmina
451 3933 716 4015 frequentabant,
738 3930 825 3993 velut
838 3930 1043 4010 Asclepiades
1064 3930 1187 3994 anthol.
1204 3930 1262 3994 Pal

141 4029 208 4105 145,
231 4030 256 4092 V
282 4031 349 4108 164,
372 4031 397 4093 V
422 4033 489 4109 189,
513 4030 734 4096 Callimachus
757 4031 854 4110 epigr.
867 4028 962 4092 LXIII
980 4027 1115 4107 (anthol.
1128 4027 1264 4092 Parvi

136 4127 326 4193 Theocritus
347 4130 389 4193 id.
402 4131 440 4193 III
466 4135 496 4195 et
524 4129 634 4206 XXIII,
657 4129 815 4208 Meleager
836 4127 956 4191 anthol.
978 4126 1082 4191 PalV
1102 4127 1171 4205 191,
1193 4127 1264 4192 Pau
