2910 4920
626 367 836 430 ..75-

144 535 347 617 describi,
378 541 468 603 cuius
494 541 618 621 legibus
639 547 737 625 atque
758 544 940 626 praeceptis
963 543 1111 609 homines
1139 547 1237 620 longo
1260 554 1316 598 usu

142 637 301 701 amatorio
328 639 413 703 docti
441 641 607 722 imperitos
632 643 790 708 instruere
812 643 943 709 soleant.
988 645 1041 708 Sic
1065 647 1213 729 queritur
1230 647 1317 710 Dini-

143 734 261 800 archus
283 737 314 801 in
337 738 444 802 Plauti
465 740 594 804 Trucul.
620 743 634 804 1
656 762 702 825 sq.

331 853 387 890 non
406 835 494 891 omnis
512 841 587 892 aetas
606 839 641 893 ad
659 839 866 909 perdiscendum
884 844 928 896 sat
947 845 987 896 eet

330 923 445 986 amanti,
464 923 530 976 dum
548 923 576 977 id
595 925 739 993 perdiscat,
758 930 825 995 quot
845 930 940 997 pereat
959 928 1048 982 modis
1069 947 1125 998 eqs.

140 1008 257 1072 Postea
281 1007 357 1073 dicit
379 1011 552 1074 meretricis
575 1013 690 1078 ancilla
721 1013 796 1078 huic
819 1014 996 1096 despoliato
1019 1020 1121 1098 atque
1144 1019 1318 1100 repudiato

141 1107 337 1173 adulescenti
359 1130 387 1173 v.
413 1111 474 1174 735
491 1130 560 1193 sqq.

315 1205 422 1260 litteras
441 1207 574 1262 didicisti:
594 1209 704 1277 quando
722 1209 780 1274 scis,
799 1211 858 1275 sine
875 1212 943 1266 alios
962 1211 1088 1268 discere.

209 1290 285 1344 Din.:
318 1291 432 1359 discant,
452 1292 516 1346 dum
537 1293 605 1348 milri
625 1296 805 1351 commentari
822 1297 912 1365 liceat,
931 1297 960 1351 ni
980 1299 1081 1354 oblitus
1099 1299 1169 1355 siem

209 1378 283 1432 Ast:
319 1377 385 1446 quid
405 1380 457 1433 erit
476 1380 581 1435 interea
602 1382 760 1451 magistrae,
779 1383 844 1437 dum
862 1387 894 1440 tu
912 1385 1146 1441 commentabere.

141 1465 292 1530 Similiter
313 1464 458 1531 Cleareta
482 1486 556 1532 curn
576 1470 759 1552 Argyrippo
782 1471 957 1536 altercatur
977 1473 1009 1537 in
1031 1473 1139 1539 Plauti
1165 1475 1318 1540 Asinaria

139 1584 168 1627 v.
190 1565 251 1629 ⁶226
270 1585 340 1647 sqq.

314 1662 428 1717 haecine
446 1666 475 1718 te
493 1681 549 1719 esse
567 1665 692 1729 oblitum,
711 1667 740 1720 in
760 1668 822 1722 ludo
841 1668 890 1737 qui
908 1669 986 1724 fuisti
1003 1673 1064 1725 tam
1083 1670 1154 1724 diu?

176 1749 289 1817 Argyra
313 1752 363 1803 tua
380 1749 435 1803 ista
452 1751 532 1820 culpa
545 1754 593 1815 eet,
610 1769 680 1820 quae
698 1753 860 1824 discipulum
878 1755 1058 1811 semidoctum
1078 1760 1127 1812 abs
1150 1760 1180 1812 te
1197 1775 1317 1813 amoves.

183 1835 283 1889 Clean:
311 1839 432 1889 remeato
452 1837 595 1906 audacter,
613 1840 762 1894 mercedem
783 1841 806 1894 si
824 1842 876 1896 eris
895 1845 997 1908 nactus,

143 1922 268 2000 Quibus
292 1924 444 2004 exemplis
465 1925 567 1988 multa
590 1926 653 1990 alia
675 1928 807 2008 adiungi
830 1936 982 2011 possunt:

176 2020 283 2074 Trucul.
304 2021 351 2075 131

320 2109 393 2163 mala
410 2112 441 2163 tu
459 2108 563 2164 femina
580 2127 615 2173 es,
630 2110 685 2163 oles
704 2110 775 2165 unde
793 2129 822 2166 es
839 2111 1019 2181 disciplinam.

176 2192 285 2247 Terent.
301 2193 400 2262 Hecyr.
419 2194 470 2247 203
479 2212 536 2263 sqq.

244 2278 273 2332 in
293 2279 441 2348 eodemque
459 2298 552 2336 omnes
569 2281 640 2334 mihi
659 2281 787 2336 videntur
806 2279 870 2332 ludo
888 2279 985 2333 doctae
1003 2278 1038 2332 ad
1058 2277 1207 2334 malitiam.

244 2364 269 2418 ei
288 2365 359 2429 ludo,
377 2365 400 2419 si
418 2367 491 2420 ullus
509 2370 557 2431 est,
576 2367 739 2436 magistram
757 2367 829 2420 hano
847 2383 904 2421 esse
921 2364 988 2420 satis
1005 2368 1081 2426 certo
1099 2365 1165 2421 scic.

174 2450 300 2506 Bacchid.
320 2452 369 2505 163
379 2470 437 2521 sqq.

310 2537 386 2606 peior
403 2540 534 2608 magister
552 2542 581 2593 te
599 2538 683 2592 istaec
701 2537 807 2601 docuit,
833 2555 888 2591 non
906 2552 965 2605 ego.

312 2624 397 2677 nimio
416 2642 443 2680 es
463 2630 493 2680 tu
513 2626 548 2679 ad
566 2625 632 2678 istas
652 2641 693 2678 res
713 2623 859 2693 discipulus
879 2622 993 2676 docilior
1094 2658 1099 2669 .

308 2728 392 2780 quam
409 2713 445 2766 ad
464 2713 520 2781 illa,
539 2727 609 2780 qnae
627 2713 655 2764 te
673 2709 826 2772 docuinbi
846 2726 956 2779 operam
974 2706 1090 2778 perdidi.

137 2817 183 2880 De
209 2816 357 2898 Scapha,
391 2836 475 2897 quae
500 2817 692 2881 Philematio
724 2819 898 2896 praerepta
930 2812 1090 2893 amatoria
1130 2811 1197 2890 dat,
1234 2813 1314 2876 dicit

138 2934 261 2980 luvenls
284 2917 375 2980 Mosi.
400 2916 457 2979 170
475 2935 521 2996 sq·
649 2995 767 3064 lepidast
786 2993 907 3062 Scapha,
925 2992 998 3062 sapit
1015 2991 1130 3046 scelesta
1147 2991 1278 3045 multum.

204 3082 236 3133 ut
254 3079 343 3149 lepide
361 3099 455 3136 omnes
481 3099 591 3136 mores
609 3085 711 3136 tenet
729 3079 1011 3147 sententiasque
1029 3080 1231 3146 amantum,

170 3169 241 3306 eiu}
254 3168 382 3323 pigritate
400 3257 484 3308 cunta
502 3254 591 3308 callet.
624 3251 694 3304 nihil
713 3250 766 3304 hac
784 3249 866 3303 docta
883 3249 996 3303 doctius.

217 3341 442 3421 Magistrae
475 3346 610 3406 auteur
644 3339 765 3402 huius
800 3331 907 3400 artis
945 3336 1179 3399 amatoriae
1211 3342 1311 3399 sunt

134 3439 558 3522 plerumqueveteres
580 3445 618 3503 et
634 3457 790 3502 avarae
808 3436 1072 3512 meretrices,
1094 3453 1179 3515 quae
1194 3433 1310 3498 militia

135 3538 253 3602 amoris
276 3540 446 3605 deiunctae
468 3542 646 3606 iunioribus
669 3538 817 3621 peritiam
840 3556 934 3600 suam
953 3535 1095 3599 tradunt.
1139 3531 1310 3615 Optimum

134 3638 296 3719 specimen
336 3641 408 3704 talis
448 3641 630 3722 decrepitae
672 3640 764 3703 lenae
803 3637 936 3719 praebet
969 3634 1097 3716 Scapha
1130 3632 1161 3695 in
1199 3631 1310 3697 Plauti

133 3738 335 3817 Mostellaria,
361 3759 445 3821 quae
467 3761 496 3804 v.
522 3741 581 3804 156
600 3758 668 3821 sqq.
694 3738 842 3801 dominae
864 3755 943 3800 suae
966 3734 1120 3815 explicat,
1143 3735 1310 3816 quomodo

134 3836 270 3918 pulchra
299 3839 414 3902 mulier
435 3840 581 3903 ornanda
612 3839 652 3902 sit
685 3842 783 3919 atque
805 3837 907 3900 forma
931 3854 989 3899 sua
1012 3833 1054 3898 ad
1082 3837 1254 3915 quaestum
1278 3841 1311 3899 et

136 3937 260 4001 lucrum
284 3937 466 4002 iaciendum
485 3939 531 4002 uti
548 3938 673 4002 debeat.
717 3937 761 4000 Ut
784 3941 945 3999 amatores
968 3933 1145 4015 spolientur
1166 3937 1199 3996 et
1220 3933 1310 3999 deci·

135 4035 282 4116 piantur,
316 4037 413 4100 etiam
447 4037 480 4100 in
510 4039 639 4120 reliquis
677 4037 792 4100 fabulis
822 4035 996 4115 magistrae
1027 4033 1099 4096 illae
1131 4033 1311 4099 admonere

133 4134 245 4199 solent.
305 4135 463 4217 imprimis
496 4143 631 4215 matres,
667 4157 751 4219 quae
783 4137 919 4199 filiarum
954 4137 1090 4216 quaestu
1124 4134 1311 4199 meretricio

132 4233 252 4299 rictum
284 4248 378 4299 suurn
413 4235 560 4315 capiunt,
599 4255 654 4301 eas
686 4236 831 4311 edocent,
863 4233 1026 4315 quomodo
1058 4235 1228 4313 argentum
1264 4235 1309 4299 ab
