2910 4920
532 349 739 416 ..30-

10 546 45 606 *tu*
85 531 160 585 Sext.
180 529 285 599 Turpil.
305 548 330 583 v.
350 530 391 592 75,
411 528 490 583 Ribb.
511 546 536 596 p.
558 528 608 582 109

246 636 306 672 erus
324 616 449 686 stupidus
467 617 574 671 adstat:
600 616 641 671 ita
658 618 715 671 eius
733 618 859 685 aspectus
877 630 974 684 repens

246 722 291 758 cor
309 703 463 773 torporavit
480 702 588 757 homini
605 719 706 757 amore.

84 799 172 853 Pluut.
192 798 302 852 Mercat.
321 798 372 851 262
382 815 421 866 sq.

171 902 253 953 quam
272 902 324 954 ego
341 888 489 954 postquam
507 883 608 953 aspexi,
627 901 682 937 non
701 883 742 937 ita
760 899 830 946 amo,
849 885 881 936 ut
898 882 959 937 suni
978 882 1066 937 solent

176 971 308 1040 homines,
326 971 371 1025 sed
391 971 485 1025 eodem
503 973 594 1040 pacto,
614 973 646 1024 ut
664 969 753 1023 insani
772 970 868 1024 solent.

10 1130 16 1137 ·
85 1065 332 1120 Plaut.uil.1264

10 1152 15 1159 '
103 1181 105 1183 ·
174 1168 267 1205 omnes
285 1151 409 1221 profecto
428 1146 555 1202 mulieres
573 1149 601 1202 ts
620 1149 724 1203 amant.
742 1149 774 1200 ut
792 1162 917 1215 quaeque
935 1145 1049 1216 aspexit.

10 1288 32 1343 a&
51 1240 163 1322 Neque
185 1259 261 1303 vero
284 1239 377 1301 aliter
397 1256 540 1300 amorem
564 1241 670 1299 ortum
699 1255 767 1298 esse
797 1234 828 1298 in
852 1235 1020 1299 Menandri
1041 1235 1218 1301 Phasmate

53 1344 190 1422 apparet
213 1358 252 1402 ex
272 1337 387 1401 Donati
412 1335 620 1400 adnotatione
640 1336 682 1399 ad
700 1334 841 1399 Terentii
854 1334 1046 1398 Eunuchum
1068 1355 1097 1399 x.
1111 1338 1148 1400 9:

52 1439 194 1521 primum
217 1442 350 1519 aspectu
372 1435 526 1518 pulchrae
541 1435 672 1515 virginis
693 1434 781 1498 velut
802 1433 943 1498 numinis
965 1434 1036 1498 visu
1056 1436 1222 1518 perculsus

51 1538 225 1603 exhorruit.
333 1535 448 1599 deinde
468 1535 622 1617 paulatim
646 1554 680 1598 re
711 1534 839 1615 cognita
868 1533 987 1598 exarsit
1014 1533 1047 1597 in
1076 1554 1220 1600 amorem

50 1638 186 1722 puellae.
230 1635 302 1713 Quo
323 1635 435 1698 eodem
453 1636 551 1698 modo
570 1654 713 1699 amorem
737 1634 890 1698 orientem
914 1633 1024 1697 fecisse
1039 1635 1221 1699 etAlexan-

53 1737 162 1802 drinos
184 1740 216 1800 et
238 1735 405 1798 Romanos
427 1739 539 1815 poetas
570 1737 602 1798 et
622 1720 735 1816 ipsum¹
749 1754 878 1816 quoquc
900 1733 1133 1799 Callimachum
1156 1734 1220 1798 iam

10 1859 29 1899 τε
52 1857 72 1902 a
103 1836 251 1917 Diltheyo
273 1834 409 1916 Cydipp.
431 1854 461 1915 p.
485 1835 525 1897 56
543 1854 589 1915 sq.
621 1838 651 1897 et
673 1833 802 1898 Rohdio
830 1833 969 1898 Roman.
1001 1854 1032 1915 p.
1058 1835 1116 1898 149
1144 1834 1221 1898 satis

10 1934 29 2000 rs!
51 1936 307 2000 demonstratum
325 1938 381 1998 est.
417 1936 529 2016 ltaque
544 1955 611 1998 rem
625 1935 736 2015 paucis
752 1934 856 1998 allatis
871 1934 1023 2015 exemplis
1036 1934 1220 1999 absolvam:

87 2034 188 2096 Catuli,
208 2031 294 2086 LXIV
314 2033 345 2087 91
358 2049 415 2100 sqq.

245 2134 301 2172 non
319 2116 394 2187 prius
412 2133 446 2171 ex
463 2116 512 2169 illo
529 2116 678 2186 flagrantia
698 2117 849 2172 declinavit

246 2203 360 2271 lumina,
381 2220 464 2271 quam
484 2205 582 2256 cuncto
602 2204 727 2274 concepit
745 2220 858 2273 corpore
875 2203 1015 2258 flammam

245 2288 371 2344 funditus
389 2291 473 2357 atque
490 2288 553 2344 imis
571 2290 674 2344 exarsit
691 2293 752 2344 tota
769 2289 905 2344 medullis.

85 2376 164 2431 Ovid.
182 2375 286 2431 heroid.
303 2375 357 2428 XII
376 2374 409 2428 33

244 2465 272 2518 et
290 2461 346 2515 vidi
365 2464 393 2516 et
410 2459 493 2530 perii!
520 2477 570 2514 nec
587 2459 659 2514 notis
679 2460 790 2528 ignibus
808 2460 870 2514 arsi.

84 2547 162 2605 Ovid.
181 2548 285 2603 heroid.
303 2549 353 2602 XV
377 2547 463 2615 (XVI)
484 2547 531 2601 135
541 2565 580 2616 sq.

246 2637 277 2689 ut
295 2634 360 2704 vidi,
379 2633 498 2705 obstipui
514 2633 727 2705 praecordiaque
745 2633 845 2688 intima
863 2633 934 2688 sensi

299 2721 434 2776 attonitus
451 2721 523 2775 curis
542 2720 702 2775 intumuisse
722 2720 809 2776 novis.
910 2700 923 2719 x

83 2807 220 2863 Theocrit.
239 2808 276 2862 id.
295 2808 322 2861 Il
339 2807 373 2862 82
383 2825 422 2876 sq.

243 2887 299 2966 χῶς
316 2893 385 2960 ἴδον,
404 2889 440 2954 ὥς
459 2889 575 2965 ἐμάνην,
594 2886 629 2952 ὥς
646 2911 697 2964 μοι
713 2894 778 2964 περὶ
797 2888 889 2964 θυμὸς
907 2890 999 2964 idaea

297 2980 425 3040 δειλείας·
939 2976 942 2981 ’

50 3065 165 3130 ΑὀὴίΙΙ.
182 3066 253 3130 Tar.
272 3067 286 3130 I
306 3067 429 3142 Molo
452 3066 490 3128 δὲ
511 3056 611 3147 εἶδον,
634 3065 738 3137 εὐθύς
760 3065 953 3129 ἀπολίλειν.
988 3067 1179 3131 Aristaenet.
1195 3068 1222 3131 ll

51 3166 120 3245 Ἀθ
148 3166 203 3226 καὶ
226 3157 468 3248 μετεστράφην-
483 3166 564 3247 πρός
587 3174 635 3243 σε’,
665 3165 718 3226 καὶ
741 3163 813 3243 ἅμα
839 3167 879 3248 τῇ
899 3170 966 3248 θέᾳ
987 3167 1033 3245 τῷ
1060 3171 1107 3246 σῷ
1130 3164 1222 3228 reod-

55 3268 173 3345 ξευμαι
193 3263 312 3328 κάλλει.
324 3265 348 3346 1)

135 3365 283 3430 Fortasse
307 3366 404 3429 etiarn
435 3365 506 3429 illae
527 3365 821 3429 Alexandrinorum
844 3368 1013 3446 poetarum
1037 3366 1222 3442 sententiae,

58 3485 144 3548 quae
159 3465 325 3529 oculorum
346 3465 389 3529 ad
410 3465 608 3529 incitandum
628 3484 771 3528 amorem
787 3465 851 3528 vim
875 3469 907 3527 et
921 3468 1112 3546 potestatem
1132 3484 1226 3546 prae-

56 3565 184 3644 dicant,
220 3584 259 3629 ex
295 3564 468 3628 comoediis
497 3565 658 3647 protectae
691 3568 774 3627 sunt.
819 3564 977 3646 Persaepe
1007 3564 1089 3627 enim
1116 3564 1226 3628 dicunt

59 3667 178 3747 poetae
207 3663 417 3728 Alexandrini
449 3664 499 3727 vel
530 3683 640 3727 eorum
676 3663 852 3727 imitatores
890 3667 1066 3728 amatorem
1100 3663 1226 3746 puellae

55 3763 156 3828 oculis
184 3766 318 3845 captum
351 3783 418 3827 esse
447 3767 504 3828 aut
534 3768 674 3827 amatam
706 3765 845 3828 amantis
867 3765 976 3828 oculos
1006 3763 1149 3845 rapuisse
1171 3767 1227 3828 aut

126 3989 154 4059 l)
173 3989 214 4044 cf.
232 3989 368 4045 Theocrit.
388 3991 427 4047 id.
446 3992 486 4045 lll
510 3993 558 4054 42,
584 3992 687 4061 Vergil.
707 3993 793 4047 bucol.
813 3992 877 4047 Vlll
896 3993 945 4057 41,
971 3991 1047 4046 Ciris.
1066 3993 1131 4061 492,
1150 3992 1227 4047 Ovid.

58 4075 165 4131 heroid.
187 4075 254 4130 XlX
274 4077 350 4145 (XX)
369 4079 393 4130 2(
404 4079 428 4137 5.
448 4082 588 4134 metamor.
611 4080 672 4132 Vlll
692 4080 751 4142 342,
769 4083 882 4134 metam.
901 4079 937 4131 Xl
957 4079 1023 4146 303,
1042 4080 1112 4132 Xen.
1132 4078 1227 4148 Ephl

52 4164 77 4226 3,
89 4162 120 4226 1;
139 4160 278 4219 Heliodor.
297 4162 339 4216 111
357 4164 383 4231 5,
401 4165 437 4218 al.
