2910 4920
712 275 919 339 ...88-

259 449 351 508 Horat.
370 452 421 504 sat.
442 448 454 500 I
474 449 497 511 2,
510 447 543 501 47
558 465 616 517 sqq.

403 534 504 589 tutior
522 537 553 588 at
574 538 679 602 quanto
698 551 774 597 merx
790 539 831 590 est
849 536 878 590 in
896 537 981 592 classe
998 537 1133 607 secunda,-

420 619 611 696 libertinarum
629 619 698 674 dico.

261 739 341 808 Prop.
360 736 384 788 ll
401 733 444 794 23,
457 732 487 785 17
500 749 539 800 sq.
642 799 643 803 Ἰ

419 818 527 874 differet
544 819 611 872 haec
629 835 780 886 numquam
798 836 847 873 neo
865 821 958 887 poscet
976 821 1095 889 garmla,
1114 819 1187 885 quod
1204 820 1233 872 te

490 905 617 958 aslriotus
635 906 725 974 ploret
742 922 821 975 saepe
839 905 945 960 dedisse
960 910 1045 975 pater.

261 1016 378 1073 Martial.
398 1017 438 1069 IX
456 1017 498 1079 32,
512 1016 576 1084 3sq.

218 1114 224 1120 “
422 1103 494 1156 hauc
513 1103 581 1167 volo,
600 1119 684 1171 quam
703 1100 814 1155 redimit
833 1103 922 1155 totam
942 1100 1069 1154 denarius
1089 1101 1167 1169 alter,

492 1189 564 1242 banc
582 1187 653 1256 vole,
672 1204 742 1256 quae
760 1187 864 1257 pariter
883 1186 984 1242 sufficit
1002 1204 1058 1241 una
1076 1187 1173 1241 tribus.

264 1298 352 1352 Rufin.
371 1317 396 1353 v.
416 1300 482 1368 5sq.

425 1390 485 1445 ταῖς
504 1385 533 1438 δὲ
548 1383 632 1457 χάρις
651 1385 698 1436 καὶ
713 1379 786 1456 χρὼς
804 1382 874 1440 ἴδιος
894 1383 941 1434 καί
959 1381 1075 1453 λέκτρον
1096 1378 1210 1451 ἑτοῖμον

494 1469 593 1541 δώροις
612 1467 643 1523 ἐκ
662 1470 800 1539 σπατάλης
819 1464 851 1520 οὗ
869 1465 1095 1538 σελαγιζόμενον.

229 1584 342 1665 Neque
362 1587 543 1647 amatorem
565 1581 657 1644 vanis
680 1580 886 1644 dilationibus
909 1579 1120 1656 frustrantur,
1153 1582 1188 1641 ut
1211 1576 1404 1641 Xenarchus

232 1685 310 1750 dicit
331 1685 443 1764 fragm.
466 1683 547 1758 4,13

427 1777 510 1833 αὐταὶ
528 1778 670 1849 βιάζονται
691 1776 745 1853 γὰρ
765 1779 916 1832 εἰσέλκουσί
934 1784 989 1832 τε.’

233 1887 335 1964 Quem
359 1885 562 1950 meretricum
584 1906 706 1950 morem
727 1885 840 1949 laudat
856 1885 1009 1948 HoralIus
1020 1884 1244 1948 Philodamum
1260 1884 1406 1947 imitatus

268 1989 318 2041 sat.
338 1986 350 2037 l
369 1985 504 2054 2,121sq.

464 2077 537 2132 hanc
554 2076 728 2131 Philodemus
747 2077 788 2130 ait
805 2075 865 2139 sibi,
884 2093 955 2144 quae
973 2093 1061 2144 neque
1080 2093 1182 2145 magno

380 2167 434 2218 stet
453 2164 550 2233 preti0,
569 2180 657 2232 neque
675 2166 825 2226 cunctetur,
844 2181 905 2217 cum
924 2167 965 2218 est
983 2163 1056 2216 iussa
1074 2162 1174 2225 venire,

265 2262 293 2313 at
311 2259 390 2327 Prop.
410 2259 432 2310 ll
453 2261 494 2319 23,
508 2258 540 2310 16
553 2275 592 2325 sq.

463 2361 513 2398 nec
530 2343 597 2397 sinit
614 2359 670 2397 ense
688 2358 803 2403 moram,
830 2340 852 2393 si
871 2339 931 2409 quis
950 2340 1025 2395 adire
1045 2339 1125 2404 velit:

379 2428 487 2484 differet
507 2429 575 2484 haec
593 2446 744 2497 numquam
763 2445 817 2496 eqs.

235 2537 379 2621 Denique
406 2542 602 2622 respondent
624 2541 738 2605 Eubuli
769 2542 874 2605 verbis
903 2541 1016 2620 fragm.
1045 2539 1128 2615 67,5
1157 2541 1188 2600 et
1217 2537 1304 2616 84,5
1339 2533 1411 2608 οἵας

229 2637 398 2719 Horum-og
431 2639 539 2719 ἁγνοῖς
568 2637 668 2703 ὕδασι
697 2637 833 2721 annedae
864 2637 961 2717 κόρας
989 2636 1146 2718 Propertii
1170 2636 1199 2699 Il
1222 2636 1272 2713 23,
1293 2637 1329 2699 21
1363 2635 1406 2700 ‘et

236 2757 319 2819 quas
341 2739 522 2820 Euphrates
544 2744 576 2802 et
597 2760 678 2821 quas
699 2739 777 2803 mibi
799 2739 884 2802 misit
906 2737 1051 2815 Orontes
1074 2756 1126 2800 me
1148 2735 1297 2817 capiant'.

318 2855 407 2920 Haec
430 2857 559 2938 quidem
582 2857 748 2932 hactenus,
773 2856 837 2919 iam
860 2854 1045 2937 disputandi
1067 2854 1163 2918 finem
1187 2855 1314 2931 faciam,
1339 2873 1407 2917 non

235 2975 300 3038 quo
322 2976 434 3021 omues
455 2977 520 3033 res,
554 2977 637 3038 quae
669 2957 751 3020 iuter
779 2957 934 3036 elegiacos
963 2960 995 3020 et
1020 2956 1160 3019 comicos
1186 2959 1299 3036 poetas
1328 2975 1407 3018 con-

236 3056 393 3133 sentiant,
427 3056 580 3121 dissertae
601 3057 680 3133 sint,
713 3058 768 3121 sed
791 3077 831 3121 ne
854 3057 1007 3120 terminos
1029 3056 1211 3120 huiusmodi
1234 3055 1409 3136 disputati·

237 3157 361 3221 unculis
387 3177 554 3221 concessos
577 3157 803 3238 transgrediar.
849 3157 963 3220 Restat
985 3157 1086 3236 enim,
1118 3161 1154 3221 ut
1175 3159 1303 3238 praeter
1324 3175 1409 3219 non·

237 3257 341 3322 nullas
373 3257 452 3322 alias
485 3278 535 3321 res
564 3258 720 3339 imprimis
754 3277 930 3338 exponam,
971 3259 1134 3339 quomodo
1173 3257 1269 3321 etiam
1299 3256 1410 3319 felices

236 3362 401 3436 amanteS,
438 3358 555 3440 quibus
587 3358 688 3422 Amor
720 3358 826 3422 dulcia
857 3359 962 3434 dedit,
1003 3360 1045 3422 ab
1083 3358 1249 3439 utriusque
1281 3360 1411 3438 generis

238 3459 445 3540 scriptoribus
465 3459 655 3538 congruenti
678 3459 802 3522 ratione
830 3459 1060 3523 describantur.
1105 3459 1193 3522 Haec
1215 3477 1291 3520 vero
1313 3459 1409 3522 alteri

242 3559 337 3623 buius
359 3559 554 3640 quaestionis
574 3560 657 3640 parti
680 3559 849 3637 reservavi,
873 3579 970 3640 uuam
988 3579 1040 3622 me
1059 3559 1234 3644 aliquando
1251 3558 1315 3622 alio
1338 3559 1412 3622 loco

239 3659 399 3723 editurum
415 3678 482 3722 esse
497 3678 599 3739 spero.
632 3659 694 3721 Sed
713 3663 745 3722 ul
763 3678 884 3735 eorum,
905 3679 989 3740 quae
1007 3658 1080 3734 dixi,
1099 3678 1259 3723 summam
1277 3658 1410 3732 faciam,

239 3758 409 3839 exemplis,
434 3778 517 3839 quae
539 3758 699 3838 congessi,
730 3759 903 3839 probatum
926 3758 1004 3820 mihi
1027 3758 1152 3822 videtur
1172 3777 1211 3821 ex
1233 3760 1412 3822 comoediis

240 3859 355 3923 Atticis
368 3878 432 3922 non
451 3859 552 3921 solum
574 3859 749 3922 sententias
764 3863 820 3922 aut
841 3862 1033 3938 argumenta
1052 3859 1220 3937 amatoria,
1236 3859 1409 3923 sedetiam

240 3963 345 4022 certas
367 3959 506 4022 comicas
528 3978 692 4040 personas,
715 3959 800 4022 velut
823 3960 940 4023 exclusi
962 3961 1124 4035 amatoris,
1148 3959 1282 4023 callidae
1305 3960 1410 4042 lenae,

242 4060 350 4123 militis
372 4059 514 4140 gloriosi,
538 4060 568 4122 in
591 4060 880 4125 Alexandrinorum
904 4066 935 4124 et
957 4062 1107 4142 deinceps
1131 4062 1160 4123 in
1182 4061 1409 4125 Romanorum
