2910 4920
713 335 919 398 ..56-

226 517 285 599 ipsi
308 516 427 592 dicant,
459 533 599 597 aequare
622 533 686 577 non
708 519 850 595 possunt.
893 513 943 576 Sic
963 509 1124 575 Charinus
1147 509 1345 573 lamentatur
1369 512 1396 572 in

227 618 403 681 Mercatore
423 617 485 679 467
507 635 577 697 sqq.

927 711 1017 763 nullus
1033 726 1103 775 sum,
1122 707 1216 761 occidi.

373 799 528 853 Pentheum
547 797 690 867 diripuisse
709 797 788 852 aiunt
805 798 941 852 Bacchas:
970 814 1057 865 nugas
1075 794 1211 848 maximas

373 886 455 940 fuisse
471 885 558 948 credo,
577 891 675 954 praeut
692 901 747 954 quo
766 889 846 955 pacto
865 901 917 955 ego
937 885 1060 937 divorsus
1079 881 1225 936 distrahor.

228 990 264 1052 In
295 991 392 1072 elegis
435 994 543 1055 autern
577 991 720 1055 similiter
759 990 898 1053 infelices
930 990 1059 1053 invenes
1092 1008 1185 1051 suurn
1220 987 1406 1051 insatiabile

228 1089 420 1155 desiderium
439 1111 511 1157 curn
528 1091 668 1167 Tantali,
691 1091 828 1173 Sisyphi,
854 1091 968 1153 brionis
989 1089 1184 1153 cruciatibus
1207 1107 1407 1169 comparare

229 1193 341 1256 solent.
383 1193 426 1256 Ut
448 1193 594 1274 exemplo
616 1196 698 1268 utar,
722 1191 903 1255 adscribam
926 1191 1021 1270 Prop.
1046 1191 1074 1252 ll
1101 1190 1147 1268 17,
1164 1190 1267 1269 5sqq.

424 1293 467 1346 vel
485 1295 517 1346 tu
535 1291 669 1346 Tantalea
686 1307 814 1344 moveare
832 1290 866 1344 ad
884 1289 999 1342 flumina
1017 1291 1098 1351 sorte,

477 1383 510 1433 ut
528 1379 619 1448 liquor
638 1378 728 1432 arenti
746 1378 826 1431 fallat
844 1377 880 1431 ab
899 1375 1046 1440 oresitim,

424 1468 468 1522 vel
486 1470 517 1521 tu
536 1465 678 1535 Sisyphios
700 1465 765 1519 licet
783 1467 812 1519 a!
832 1464 957 1519 miserere
975 1465 1089 1533 labores,

476 1553 587 1607 difficile
606 1556 637 1606 ut
655 1555 714 1606 toto
732 1555 827 1606 monte
846 1553 952 1607 volutet
970 1569 1049 1606 onus:

424 1640 518 1695 durius
537 1640 566 1692 in
585 1641 665 1695 terris
683 1639 754 1693 nihil
773 1644 813 1694 est
830 1639 904 1707 quod
921 1641 997 1695 vivat
1015 1642 1135 1697 amante,

187 1773 189 1778 .
231 1736 258 1785 et
279 1729 361 1784 Pauli
380 1728 531 1782 silentiarii
551 1727 637 1796 epigr.
657 1726 768 1780 anthol.v
783 1726 838 1780 Pal.
858 1727 883 1778 V
903 1727 952 1781 236

426 1817 472 1868 ναὶ
493 1818 560 1886 τάχα
585 1815 742 1883 Τανταλέης
760 1809 912 1885 Ἀχερόντια
931 1818 1043 1885 πήματα
1062 1821 1163 1891 ποινῆς

477 1896 623 1973 ἡμετέρων
643 1896 729 1972 ἅχὲων
748 1897 824 1953 ἐστὶν
843 1897 1015 1975 ἐλαφρότερα
1034 1921 1088 1974 eqs.

231 1992 326 2057 Adde
349 1991 443 2072 Prop.
466 1991 491 2054 ll
526 1992 550 2066 1,
570 1991 698 2070 65sqq·
738 1990 829 2054 Ovid.
862 2010 961 2055 antor.
985 1993 1025 2056 ΙΙΙ
1057 1996 1084 2072 7,
1104 2000 1138 2062 51
1163 2021 1231 2084 sqq.
1283 2004 1409 2071 heroid,

231 2093 320 2156 XVII
344 2090 466 2172 (XVIII)
491 2091 546 2153 181
562 2111 608 2171 sq.
647 2089 736 2152 Paul.
763 2090 814 2154 Sil.
843 2092 963 2156 anthol.
985 2095 1052 2159 Pal.
1078 2099 1106 2161 V
1128 2101 1230 2179 6465
1249 2125 1299 2187 sq.
1323 2137 1326 2142 ·

231 2212 405 2275 Praeterea
428 2227 605 2289 componas
626 2207 686 2270 hos
708 2207 874 2273 Plautinos
896 2217 928 2275 et
949 2213 1177 2296 Propertianos
1200 2242 1330 2288 versus:

267 2315 366 2371 Cistell.
386 2313 437 2367 206
446 2330 504 2381 sqq.
1058 2330 1060 2333 ’

426 2399 522 2454 iactor.
542 2398 641 2469 agitor,
661 2397 793 2461 stimulor,
813 2415 903 2453 versor

426 2487 456 2540 in
474 2486 576 2540 amoris
596 2489 665 2554 rota,
684 2484 765 2538 miser
784 2486 933 2555 exanimor,

426 2574 522 2636 ferror,
540 2572 658 2641 differor,
677 2570 823 2636 distrahor,
843 2573 965 2644 diripior,

268 2673 296 2726 et
314 2670 395 2738 Prop.
412 2670 424 2721 1
443 2669 468 2736 9,
478 2667 511 2720 20
521 2683 579 2735 sqq.

487 2757 516 2808 et
534 2751 622 2822 magis
640 2751 765 2806 infernae
783 2750 894 2804 vincula
914 2770 991 2807 nosse
1010 2758 1087 2809 rotae
1106 2756 1220 2827 (cupies)

430 2859 513 2910 quam
531 2839 610 2910 pueri
628 2839 730 2893 totiens
749 2855 843 2892 arcum
861 2839 961 2893 sentire
980 2841 1105 2896 medullis

484 2930 513 2981 et
530 2926 601 2979 nihil
619 2925 708 2980 iratae
725 2942 803 2995 posse
821 2942 921 2995 negare
941 2932 1013 2981 tuae.

314 3032 458 3109 Quarum
482 3031 746 3095 miseriarum
768 3029 1086 3112 liberationem,
1110 3055 1183 3099 curn
1209 3037 1321 3116 vinum
1346 3039 1408 3102 bo·

230 3133 334 3195 mines
356 3133 425 3196 aliis
442 3133 526 3196 curis
546 3133 659 3207 solvat,
680 3131 900 3195 adulescentes
923 3152 1169 3215 nonnumquam
1192 3157 1211 3200 a
1235 3137 1408 3203 Baccho

231 3236 390 3314 petunt.
435 3231 609 3296 Simillinris
640 3232 737 3312 igitur
766 3232 915 3295 laudibus
946 3233 997 3296 ille
1028 3235 1234 3299 sollicitorum
1259 3242 1291 3301 et
1323 3260 1408 3320 pan-

232 3352 344 3414 perum
367 3334 534 3397 hominurn
559 3333 682 3396 amicus
712 3332 744 3395 in
767 3333 883 3413 Diphili
906 3333 1085 3414 fragmento
1107 3337 1156 3413 86,
1180 3337 1216 3400 K.
1240 3339 1266 3402 ΙΙ
1290 3341 1354 3406 569
1376 3349 1409 3407 et

232 3435 469 3516 Augusteornm
493 3439 665 3515 poetarum
690 3432 884 3495 carminibus
904 3433 1111 3525 celebratum

429 3527 451 3590 ai
475 3539 543 3592 πᾶσι
562 3545 620 3598 τοῖς
638 3536 771 3609 φρονοῦσι
790 3538 1005 3608 προςφιλὲστατε

427 3628 553 3679 Διόνυσε
572 3626 619 3677 καὶ
637 3619 786 3691 σοφώταθ’,
807 3618 843 3683 οἷς
861 3619 924 3694 ἡδύς
944 3642 986 3684 τις
1005 3621 1037 3688 εἶ,

431 3710 461 3772 ὃς
481 3709 529 3765 τὸν
549 3707 685 3764 ταπεινὸν
704 3713 776 3779 αὲγα
797 3718 913 3782 φρονεῖν
931 3718 1021 3770 ποιεῖς
1038 3715 1124 3783 μόνος

431 3796 482 3853 τὸν
501 3795 550 3858 τὰς
571 3795 658 3868 ipone
676 3798 792 3867 αἴροντα
811 3801 980 3868 συμπείθεις
997 3797 1092 3867 γελᾶν,

430 3890 478 3940 τόν
498 3882 521 3938 τ’
540 3883 648 3954 iisdem]
665 3884 770 3956 τολμᾶν
789 3903 824 3945 τι,
845 3879 892 3936 τὸν
911 3881 1003 3938 δειλὸν
1023 3889 1138 3957 θρασύν.

269 3973 365 4027 Horat.
385 3992 468 4028 carm.
490 3974 531 4026 ΙΙΙ
549 3973 686 4040 21,13sq.

431 4065 462 4114 tu
484 4062 543 4115 lene
563 4063 732 4113 tormentum
751 4059 862 4120 inuenio
882 4061 1009 4114 admoves

429 4148 591 4216 plerumque
610 4151 686 4211 dum,
707 4150 737 4199 tu
757 4146 922 4215 sapientium
