2910 4920
534 355 739 417 ..37-

129 535 262 599 Senes
296 537 451 607 autem,
490 532 558 612 qui
593 532 623 596 in
658 533 762 596 Plauti
795 532 960 611 Asinaria,
994 532 1219 614 Bacchidibus

10 641 243 711 mercatore,
275 633 391 696 Casina
415 632 650 696 iuventutis
672 638 856 714 tempore
878 639 1116 716 praeterito
1139 661 1220 704 me·

29 739 251 804 ·etricum
282 758 421 802 amore
452 732 536 796 frui
565 733 729 809 volunt,
759 733 809 796 ab
835 735 1028 800 omnibus
1056 739 1219 823 vitupe-

28 843 197 904 ·antur
220 842 258 900 et
281 836 466 901 ludibrio
489 833 713 912 habentur,
736 833 823 915 quod
839 852 890 897 res
906 841 1014 915 agant,
1034 859 1119 920 quae
1137 859 1219 905 cano

14 939 146 1023 ,sapiti
184 958 247 1001 non
288 939 489 1000 conveniant.
541 933 605 996 Nec
642 932 758 995 desunt
801 933 995 999 comicorum
1035 937 1216 1003 Atticorum

10 1029 238 1119 l‘sagmenta,
262 1057 345 1119 quae
368 1036 479 1099 eodem
504 1032 701 1115 pertineant3
725 1031 909 1097 adscribam
930 1035 1011 1099 haec
1032 1037 1198 1119 exempla:

10 1146 18 1171 ·’
64 1143 234 1198 Philemon.
253 1143 306 1212 frg.
330 1142 386 1207 179,
407 1141 437 1193 K.
458 1140 482 1191 ll
501 1157 527 1207 p.
547 1137 597 1190 528

244 1234 335 1307 γέρων
353 1231 508 1305 γενόμενος
525 1227 563 1303 μὴ
584 1228 684 1302 φρόνει
704 1232 834 1304 νεώτερα,

243 1316 314 1394 μήδ’
333 1320 373 1380 εἰς
391 1318 499 1378 ὄνειδος
518 1317 581 1372 ἕλκε
599 1312 650 1388 τὴν
669 1312 775 1388 σεμνὴν
794 1319 901 1373 πολιᾶν.
913 1320 932 1388 ¹)

68 1408 172 1462 Plaut.
192 1407 334 1461 Mercator.
354 1407 404 1461 305

244 1496 294 1546 tun
312 1492 402 1563 capite
420 1508 488 1546 cano
507 1507 596 1553 amas,
625 1505 707 1543 senex
726 1490 920 1557 nequissume‘?

20 1597 174 1666 Deinde
196 1597 279 1672 seni,
309 1596 365 1677 qui
387 1596 418 1658 in
440 1594 544 1659 Plauti
568 1593 684 1657 Casina
708 1597 824 1658 unctus
854 1600 886 1659 et
912 1599 1069 1679 expolitus
1090 1601 1217 1679 incedit,

10 1720 44 1767 a
79 1695 224 1760 muliere
246 1696 382 1758 obicitur
404 1715 433 1758 v.
457 1696 517 1758 940
534 1713 582 1774 sq.

245 1797 354 1847 senecta
372 1794 464 1847 aetate
484 1792 671 1858 unguentatus
688 1807 737 1858 per
756 1789 821 1859 vias,
840 1792 949 1861 ignave,
968 1794 1092 1851 incedis?

10 1882 108 1948 Iam
134 1899 213 1943 vero
234 1880 285 1944 ille
308 1880 501 1944 comicorum
525 1898 620 1942 senex
643 1897 757 1942 amans
784 1881 871 1961 apud
893 1883 1055 1948 Tibullum
1078 1889 1217 1952 occurrit

10 1983 31 2048 l
61 1981 104 2061 2,
118 1980 163 2043 89
175 1998 244 2061 sqq.

240 2094 295 2147 vidi
315 2111 374 2163 ego,
392 2064 589 2163 quiliuvenum
608 2092 717 2147 miseros
735 2093 841 2147 lusisset
859 2112 971 2158 amores,
1055 2154 1057 2157 ,

291 2183 353 2250 post
370 2179 485 2234 Veneris
504 2179 599 2233 vinclis
616 2179 730 2234 subdere
746 2179 818 2234 colla
834 2196 928 2234 senem

240 2270 267 2321 et
286 2265 338 2320 sibi
356 2265 508 2320 blanditias
526 2267 643 2320 tremula
661 2282 824 2335 componere
843 2281 917 2321 voce·

290 2355 321 2406 et
337 2352 465 2406 manibus
484 2369 566 2406 canas
584 2352 689 2421 fingere
707 2352 775 2406 velle
793 2368 898 2406 comas:

238 2442 312 2495 stare
331 2456 381 2494 neo
399 2442 464 2493 ante
482 2438 553 2492 fores
570 2438 670 2508 puduit
688 2456 800 2494 caraeve
818 2440 924 2508 puellae

290 2526 419 2580 ancillam
437 2525 526 2580 medio
546 2524 692 2580 detinuisse
710 2526 779 2579 foro.

238 2613 311 2666 hunc
330 2629 412 2681 puer,
437 2612 510 2666 hunc
536 2611 642 2666 iuvenis
660 2611 743 2665 turba
766 2610 935 2666 circumterit
949 2615 1018 2672 arta,

290 2697 397 2767 despuit
415 2698 444 2751 in
462 2698 557 2753 molles
575 2700 604 2752 et
622 2697 676 2751 sibi
693 2697 807 2766 quisque
825 2696 909 2751 sinus.

14 2793 127 2857 Idem
164 2808 280 2854 canum
315 2797 414 2874 caput
444 2794 486 2857 ab
521 2812 631 2857 amore
668 2797 699 2856 et
730 2792 894 2856 blanditiis
929 2792 1104 2856 abhorrere
1135 2791 1213 2856 dicit

64 2898 80 2950 I
105 2895 225 2965 1,71sq.

238 2980 295 3034 iam
312 2978 441 3047 subrepet
459 2978 531 3032 iners
550 2981 634 3045 aetas,
650 2995 700 3032 nec
719 2996 812 3033 amare
830 2977 946 3046 decebit,

291 3065 379 3120 dicere
398 3082 447 3120 nec
466 3082 533 3120 cano
551 3065 700 3120 blanditias
719 3064 812 3134 capiti.
893 3088 896 3094 ·

10 3225 13 3232 y
69 3166 101 3219 et
120 3162 132 3215 I
153 3159 178 3223 8,
188 3160 220 3212 41
234 3177 274 3227 sq.

10 3247 17 3266 Τ
237 3250 291 3307 heu
308 3267 367 3305 sero
386 3253 530 3306 revocatur
548 3267 625 3304 amor
643 3264 755 3318 seroque
773 3249 894 3314 iuventa,

295 3355 357 3391 cum
376 3340 453 3392 vetus
470 3335 567 3390 infecit
586 3353 655 3389 cana
673 3338 781 3390 senecta
799 3340 888 3404 caput.

42 3439 167 3505 Tamen
189 3441 334 3505 Tibullus
357 3441 405 3504 his
427 3440 532 3504 verbis
555 3458 618 3502 non
642 3459 760 3514 senem,
795 3440 851 3503 sed
872 3442 1071 3504 meretricem
1096 3462 1210 3507 canam

42 3541 171 3604 affatur.
222 3540 326 3604 Senex
354 3544 463 3604 autem
491 3539 543 3602 ille
577 3559 691 3603 amans
722 3543 753 3602 et
781 3544 897 3603 unctus
922 3541 1010 3621 apud
1040 3541 1210 3606 Horatium

44 3658 174 3721 quoque
195 3639 317 3704 exsistit
339 3640 436 3723 epod.¹
454 3641 482 3703 V
505 3641 545 3703 57
559 3660 605 3721 sq.

240 3755 340 3806 senem,
359 3739 431 3808 quod
452 3754 544 3792 omnes
562 3737 678 3800 rideant,
698 3734 852 3790 adulterum

238 3824 343 3880 latrent·
361 3825 515 3881 suburanae
533 3841 612 3878 canes

237 3911 325 3965 nardo
343 3914 513 3980 perunctum.

116 4088 142 4158 1)
161 4089 253 4146 Etiam
276 4092 449 4162 Alciphronis
474 4086 568 4144 ’πάλιν
591 4093 844 4164 μειρακιευόμενος
861 4080 1021 4162 noeossv'rn'c'
1044 4107 1085 4159 ep.
1105 4089 1131 4142 ll
1150 4091 1166 4141 ⁴2
1184 4091 1213 4142 et

45 4173 85 4226 111
104 4162 138 4228 33
159 4191 192 4228 ex
211 4177 351 4232 comoedia
369 4180 493 4247 sumptus
512 4177 627 4241 videtur,
646 4177 680 4231 cf.
699 4177 760 4239 Leo,
779 4176 866 4229 Plaut.
887 4175 995 4229 Forscb
1015 4194 1041 4244 p.
1061 4175 1118 4228 140.
