2910 4920
225 115 390 199 quandam
422 114 555 196 praebet
584 133 657 177 cum
693 115 810 196 Diphili
839 116 1020 197 fragmento
1049 136 1148 199 supra
1178 117 1277 181 allato
1299 118 1393 181 artl

225 219 284 282 aa?
297 237 366 298 sqq.

419 313 484 368 vina
501 315 603 383 parant
620 312 726 368 animos
744 314 904 383 faciuntque
922 313 1057 369 caloribus
1076 319 1171 384 aptos:

470 418 536 455 eura
553 399 628 468 fugit
645 401 734 454 multo
753 401 922 470 diluiturque
941 416 1023 456 mero.

419 490 486 542 tunc
504 487 619 542 veniunt
636 487 713 548 risus,
732 491 792 541 tum
811 505 916 558 pauper
934 505 1037 543 cornua
1054 490 1146 553 sumit,

474 578 533 629 tum
552 574 632 628 dolor
649 578 678 628 et
696 591 776 629 curae
794 592 918 644 rugaque
937 576 1036 630 frontis
1055 575 1122 641 abit,

424 666 491 716 tune
508 661 599 731 aperit
616 666 722 716 mentes
741 679 808 716 aevo
826 662 965 717 rarissima
983 667 1075 718 nostro

472 747 633 818 simplicitas
651 750 723 802 artes
742 748 897 803 excutiente
916 749 974 804 deo.

418 835 475 890 illic
494 852 573 904 saepe
592 835 698 890 animos
716 835 846 890 iuvenum
865 853 979 906 rapuere
997 837 1112 906 puellae,

472 926 500 977 et
518 924 608 976 Venus
625 921 654 974 in
675 922 746 976 vinis
763 923 836 993 ignis
856 923 885 976 in
903 923 968 992 igne
986 923 1049 977 fuit.

419 1009 463 1065 hie
482 1013 514 1064 tu
532 1008 625 1063 fallaci
645 1008 762 1064 nimium
778 1028 812 1065 ne
830 1011 908 1064 crede
930 1012 1069 1066 lucernae:

472 1095 573 1151 indicio
592 1097 697 1151 formae
717 1115 825 1166 noxque
842 1115 1003 1167 merumque
1021 1101 1128 1175 nocent.

224 1187 266 1239 Cf.
287 1184 364 1238 Ovid.
384 1186 435 1237 art.
455 1183 467 1236 1
487 1184 586 1250 525sq.
606 1182 646 1235 III
666 1183 780 1252 loasq.;
799 1184 896 1238 Horat.
915 1201 998 1238 carm.
1018 1183 1058 1236 ΙΙΙ
1078 1183 1119 1250 12,
1134 1183 1156 1235 l.

308 1274 394 1336 Duos
412 1289 488 1335 vero
512 1271 671 1353 Euripidis
694 1272 796 1348 locos,
825 1273 879 1353 qui
901 1273 964 1336 hue
984 1271 1160 1367 pertinent,
1192 1275 1420 1354 conglutiner

224 1378 340 1439 verunt
360 1371 563 1452 Antiphanes
585 1375 617 1434 et
636 1372 820 1449 Menander,
844 1392 959 1453 nempe
972 1373 1131 1455 Euripidis
1141 1373 1262 1438 Bacch.
1276 1376 1338 1440 773
1350 1396 1411 1458 sq-

420 1470 498 1523 οἴνου
516 1469 547 1522 δὲ
563 1465 662 1541 μηκέτ’
677 1468 757 1530 ὄντος
777 1473 826 1523 οὐκ
845 1471 921 1525 ἔστιν
942 1473 1054 1544 Κύπρις

474 1552 538 1611 οὐδ’
557 1553 621 1609 ἄλλο
643 1553 763 1628 τερπνὸν
781 1553 861 1610 οὐδὲν
881 1555 1041 1630 ἀνθρώποις
1061 1558 1112 1623 ἔτι,

225 1644 254 1695 et
271 1640 409 1711 Euripidis
429 1642 480 1713 frg.
500 1642 595 1697 ineert.
614 1644 674 1712 895,
694 1644 726 1695 N.
746 1663 772 1712 p.
792 1645 841 1696 647

420 1726 451 1782 ἐν
468 1729 613 1804 πλησμονῇ
632 1749 675 1782 τοι
697 1726 815 1799 Κύπρις,
836 1729 866 1782 ἐν
885 1729 1017 1782 πεινῶντι
1037 1727 1068 1781 d'
1087 1727 1128 1794 od,

226 1837 302 1881 nam
327 1818 439 1881 comici
462 1818 504 1881 illi
527 1819 686 1882 scribunt:

226 1914 376 1984 Antiphon.
396 1915 448 1987 frg.
468 1915 518 1969 inc.
542 1916 601 1976 242,
620 1917 652 1969 Κ.
673 1915 695 1967 ΙΙ
717 1934 743 1985 p.
765 1915 812 1967 117

423 2000 561 2072 πάρεστιν
581 2000 654 2069 ὄψον
668 1999 799 2074 χρηστόν,
819 1996 968 2070 ἐπαγωγὸν
985 1999 1068 2064 πάνυ,

422 2085 497 2148 οἶνος
518 2107 549 2141 τε
572 2086 677 2148 Θάσιος
695 2090 743 2140 καὶ
761 2088 913 2159 στέμματα·

421 2169 454 2227 ἰν
471 2173 615 2248 πλησμονῇ
633 2169 688 2246 γὰρ
710 2172 828 2246 Κύπρις,
847 2171 880 2227 ἐν
898 2173 928 2226 δὲ
948 2179 1005 2232 τοῖς
1024 2173 1114 2232 κακοῖς

420 2258 590 2334 πράσσουσιν
610 2255 660 2312 οὐκ
680 2259 789 2314 ἔνεστιν
806 2257 945 2331 Ἀφροδίτη
964 2265 1080 2330 βροτοῖς,

223 2347 252 2399 et
270 2345 419 2399 Menander
440 2346 584 2400 Misumeni
602 2347 655 2415 frg.
674 2347 733 2409 345,
752 2346 785 2399 Κ.
806 2346 842 2398 ΙΙΙ
863 2365 889 2416 p.
913 2346 961 2398 100

619 2427 758 2484 cdnciuct’
779 2427 904 2504 η’ράσθης
924 2431 1015 2492 Γέτας

424 2519 472 2571 Γ..·
492 2515 525 2572 οὗ
544 2515 598 2590 γὰρ
620 2516 804 2589 ἐνεπλήσθην

224 2608 348 2685 Quibus
370 2611 446 2689 apte
467 2606 616 2687 subiungi
640 2609 774 2689 possunt
797 2606 899 2669 Ovidii
923 2625 1033 2669 versus
1062 2624 1139 2668 rem.
1162 2606 1223 2669 746
1234 2628 1307 2690 sqq.

470 2704 576 2759 divitiis
593 2705 677 2758 alitur
695 2704 846 2758 luxuriosus
864 2721 948 2758 amor.
1257 2730 1260 2733 ·

419 2807 467 2844 cur
484 2794 591 2845 nemost
610 2791 742 2858 Hecalen,
761 2791 876 2853 nullast,
905 2807 976 2858 quaa
996 2791 1099 2860 ceperit
1118 2790 1204 2844 lron‘?

471 2893 570 2946 nempe
588 2877 661 2945 quod
679 2878 748 2930 alter
766 2892 856 2945 egens,
875 2877 964 2930 altera
982 2893 1088 2946 pauper
1105 2879 1173 2931 erat.

418 2981 472 3017 non
492 2963 585 3026 habet,
604 2964 676 3017 unde
695 2981 773 3017 suum
792 2967 940 3032 paupertas
956 2966 1051 3032 pascat
1069 2980 1200 3018 amorem.

306 3065 466 3142 Quoniam
481 3068 639 3150 Euripidis
656 3073 703 3133 cst
720 3069 805 3132 laeta
823 3071 953 3146 mentio,
978 3070 1099 3145 statim,
1121 3069 1148 3133 si
1170 3068 1286 3151 placet,
1310 3071 1400 3134 aliud

224 3164 291 3229 eius
321 3167 540 3245 enuntiatum,
575 3168 660 3249 quod
690 3168 817 3232 devini
842 3169 883 3232 ad
911 3169 1093 3250 augendam
1124 3168 1336 3248 cupiditatem
1370 3172 1400 3233 vi

225 3264 308 3344 agit,
350 3285 408 3346 per
441 3266 580 3329 comicos
612 3286 713 3347 usque
746 3268 788 3330 ad
823 3270 979 3349 elegiacos
1012 3274 1124 3350 poetas
1152 3287 1400 3350 persequamur.

224 3364 304 3433 Dico
326 3365 436 3446 Auges
459 3364 674 3446 fragmentum
698 3367 775 3445 265,
804 3367 842 3431 Ν.
866 3389 896 3449 p.
919 3371 990 3446 437,
1024 3369 1079 3432 ubi
1100 3367 1254 3433 Hercules
1278 3389 1314 3433 se
1337 3369 1402 3436 hoc

224 3464 321 3528 modo
343 3467 489 3528 excusat:

420 3561 471 3615 νοῦ
489 3557 519 3613 d’
538 3558 613 3621 οἶνος
632 3558 759 3634 ἕξέσῑησέ
775 3560 813 3636 μ’.
847 3559 974 3636 ὁμολογῶ
993 3564 1024 3618 δέ
1041 3583 1072 3619 σε

423 3644 542 3714 ἀδικεῖν,
562 3644 592 3702 τὸ
614 3645 643 3701 δ’
662 3645 775 3722 ἀδίκημ’
793 3647 900 3720 ἐγένετ’
920 3648 969 3723 οὐχ
987 3651 1121 3706 ἑκούσιον.

223 3736 258 3802 ln
281 3737 456 3803 comoediis
488 3738 572 3800 enim
602 3737 749 3817 iuvenes,
782 3739 835 3819 qui
863 3740 942 3804 ebrii
966 3744 1064 3804 noctu
1087 3739 1216 3805 obviam
1240 3738 1402 3818 virginem
