2910 4920
135 413 164 466 ct
181 409 286 466 anthol
304 409 354 464 lat
372 410 433 474 897,
446 409 511 480 Bsq.

279 513 361 568 parce
377 515 545 568 supervacuo
562 500 638 554 cultu
656 517 818 572 componere
835 503 985 560 membra:

354 585 449 655 augeri
467 586 558 640 studio
576 590 635 642 tarn
653 588 728 644 bona
746 589 835 645 forms
852 590 953 660 nequit.
971 609 1041 663 eqs.

133 679 214 748 Prop.
234 680 256 732 ll
277 678 318 748 18,
334 679 367 733 25
587 727 602 738 .

279 768 310 819 ut
328 769 428 821 natura
446 765 530 830 dedit,
549 767 587 822 sic
605 766 695 822 omnis
713 771 789 824 rocta
805 769 895 839 ligura
911 774 964 827 em

134 859 212 914 Ovid.
231 863 283 915 art.
301 861 336 913 llI
354 861 404 914 257
414 878 454 930 sq.

279 947 413 1002 formosae
430 965 486 1002 non
505 947 572 1002 ariis
590 964 669 1018 opem
687 951 888 1018 praeceptaque
906 958 1080 1018 quaerunt:

353 1037 395 1088 est
412 1032 467 1087 illis
483 1051 533 1089 sua
551 1033 614 1098 dos,
637 1034 728 1089 forma
745 1034 804 1090 sinc
821 1038 882 1090 arte
898 1039 1009 1106 potens.

134 1125 212 1180 Ovid.
231 1127 332 1181 remed.
350 1127 401 1181 350

355 1213 428 1268 fallit
446 1212 519 1267 enim
539 1211 640 1266 multas
658 1210 749 1266 forma
765 1211 825 1265 siue
842 1214 902 1266 erle
920 1211 1031 1267 ᾶοωω.

135 1307 226 1371 Talia
249 1327 325 1371 vero
346 1308 476 1372 Graecis
498 1306 683 1371 auctoribus
712 1306 821 1369 deberi
843 1305 1014 1370 manifesto
1037 1310 1216 1376 evincitur
1233 1316 1262 1376 et
1275 1328 1299 1374 er

134 1406 251 1471 Plauto
267 1411 299 1471 et
312 1426 350 1471 ex
362 1406 546 1471 Philostrati
563 1406 701 1487 epistula
716 1405 816 1479 XXll,
839 1424 924 1487 quae
942 1409 1010 1497 lam
1025 1413 1197 1489 apertam
1216 1410 1300 1475 simil

135 1507 278 1571 tudinem
300 1526 379 1588 prae
405 1526 439 1570 se
467 1506 528 1569 lert
546 1524 618 1568 cum
642 1504 800 1586 Propertii
823 1505 966 1569 carmine
981 1504 996 1568 1
1010 1506 1051 1584 2,
1081 1513 1124 1572 ut
1154 1530 1232 1575 moa
1250 1510 1300 1590 qui

134 1606 208 1669 dem
239 1607 396 1670 sententia
425 1605 565 1668 dubitari
595 1624 659 1668 non
689 1604 804 1686 possit,
838 1605 915 1686 quin
947 1614 1198 1685 argumentum
1227 1611 1301 1674 huiu

135 1705 289 1788 epistulae
319 1726 359 1769 ex
390 1705 483 1768 simili
525 1703 626 1785 elegia
658 1703 877 1768 Alexandrina
911 1723 950 1768 ac
981 1703 1157 1788 Propertii
1189 1729 1300 1776 cannen

134 1809 298 1886 sumptum
321 1805 370 1868 sit.
414 1803 512 1868 Cuius
533 1803 688 1885 epistulae
710 1804 752 1867 ad
769 1808 913 1868 nostram
934 1806 1143 1873 sententiam
1167 1813 1300 1893 spectant

134 1904 215 1967 haec
237 1905 352 1968 verba:
375 1902 396 1986 ἠ
418 1903 455 1964 δὲ
476 1903 557 1987 καλή
578 1902 710 1974 οὐδενός
732 1904 921 1964 deisolius
948 1902 1144 1988 ἐπικτήτων
1167 1911 1299 1990 ἀρκοῦσα

136 2002 235 2084 ἑαυτῇ
258 2004 339 2083 πρὸς
362 2007 432 2064 πᾶν
453 2003 492 2065 τὸ
514 1998 696 2085 ὁλόκληρον.

217 2110 333 2175 Paucis
358 2111 503 2174 versibus
534 2116 609 2176 ante
646 2111 722 2175 dicit
753 2110 882 2192 Scapha
910 2109 942 2172 in
971 2109 1081 2176 Plauti
1113 2114 1299 2181 Mostellaria

136 2210 259 2274 mulieri
281 2209 408 2274 florenti
432 2214 539 2274 aetate
561 2230 626 2274 non
649 2230 731 2291 opus
752 2229 820 2272 esse
843 2210 1013 2291 unguentis
1037 2216 1099 2276 aut
1124 2214 1228 2294 fucis,
1255 2213 1298 2278 sed

136 2309 319 2373 huiusmodi
341 2308 482 2373 artificiis
504 2309 549 2372 uti
572 2314 696 2374 veteres
717 2314 748 2373 et
766 2310 945 2391 decrepitas
966 2312 1171 2393 meretrices,
1188 2320 1228 2380 ut
1242 2333 1297 2379 cor

136 2409 222 2491 poris
243 2409 321 2473 vitia
341 2408 556 2472 occultentur:
579 2430 608 2473 v.
631 2410 692 2474 ⁶263
715 2430 762 2491 sq.

255 2524 310 2561 non
329 2507 417 2561 istanc
435 2511 554 2563 aetatem
573 2512 682 2578 oportet
699 2508 871 2579 pigmentum
890 2508 975 2560 ullum
994 2507 1150 2579 attingere,

255 2611 343 2663 neque
361 2611 495 2649 cerussam
513 2612 601 2664 neque
620 2596 752 2651 melinum
772 2613 861 2664 nequa
878 2594 960 2649 aliam
980 2594 1067 2648 ullam
1082 2595 1222 2654 offuciam
1240 2616 1287 2668 eqs

132 2693 161 2745 ct
179 2708 204 2744 v.
224 2688 276 2742 273
285 2705 343 2759 sqq.

352 2773 418 2842 quia
436 2776 541 2828 ecastor
559 2772 656 2828 mulier
674 2775 747 2827 recte
765 2772 828 2834 olet,
847 2769 893 2824 ubi
912 2768 980 2822 nihil
1000 2769 1063 2823 olet.

235 2879 299 2916 nam
319 2861 388 2915 istae
407 2862 520 2928 veteres,
539 2876 609 2928 quac
627 2875 654 2912 se
673 2858 821 2927 unguentis
839 2855 987 2919 nucinam,
1006 2854 1171 2925 interpolas,

236 2949 355 3010 vetulae,
374 2945 527 3009 edentulae,
548 2963 618 3013 quae
637 2945 706 2999 vitia
724 2944 844 3013 corporis
862 2943 924 2997 fuco
945 2941 1081 3006 occulunt,

239 3032 286 3088 ubi
305 3050 332 3088 se
350 3032 432 3086 sudor
451 3049 512 3086 cum
531 3032 679 3103 unguentis
697 3030 873 3098 consociavit,
891 3029 955 3084 ilico

237 3118 334 3174 itidem
352 3119 435 3186 olent,
454 3118 532 3186 quasi
551 3135 611 3172 cum
629 3135 685 3172 una
702 3118 791 3171 multa
809 3115 870 3170 iura
888 3114 1012 3170 confudit
1030 3130 1122 3170 cocus.-

239 3204 305 3273 quid
325 3204 410 3274 olant,
429 3204 540 3265 nescias,
559 3204 613 3258 uisi
631 3204 659 3258 id
679 3221 764 3256 unum
784 3205 801 3269 †
821 3202 850 3256 ni
866 3203 938 3256 male
956 3202 1029 3257 olere
1047 3200 1201 3271 intelligas,

139 3307 260 3373 Similia
294 3307 444 3371 videntur
466 3308 620 3388 Augustei
650 3312 765 3389 poetae
797 3307 839 3370 ah
873 3304 1099 3369 Alexandrinis
1131 3311 1307 3392 accepisse,

136 3426 212 3472 narn
236 3406 389 3473 Horatius
417 3412 522 3471 scorto
555 3407 667 3470 eadem
695 3408 761 3470 lere
788 3427 826 3470 ac
849 3405 979 3488 Scapha
1007 3405 1186 3487 expmbral

171 3512 249 3583 epod.
267 3512 321 3567 Xll
341 3512 355 3564 7
370 3530 428 3581 sqq.

329 3597 376 3666 qui
394 3597 475 3651 sudor
493 3595 573 3651 vietis
591 3599 619 3650 at
636 3612 719 3665 quam
736 3596 824 3650 malus
837 3594 959 3663 undique
978 3592 1106 3649 membris

329 3683 426 3739 crescit
444 3682 525 3750 odor,
543 3699 604 3736 cum
623 3698 694 3752 pene
711 3685 799 3738 soluto

328 3769 489 3825 indomitam
509 3772 639 3839 properat
658 3768 762 3824 rabiem
782 3770 876 3825 sedare
893 3789 944 3825 nec
962 3771 1004 3823 illi

328 3856 384 3911 iam
402 3859 497 3910 manet
515 3854 609 3909 umida
626 3859 701 3910 creta
716 3858 844 3925 colorque

329 3947 447 3998 stercore
466 3943 574 3997 fucatus
593 3942 718 3996 crocodili
737 3960 790 4012 eqs.

137 4039 290 4103 Horatius
307 4043 426 4115 aulem,
445 4037 551 4103 Plauti
566 4035 771 4115 obtrectator,
794 4043 879 4102 certe
894 4056 959 4101 non
970 4034 1182 4100 Mostellariae
1195 4033 1306 4100 locum
1363 4092 1365 4097 .
