2910 4920
607 323 812 387 ..61-

162 498 325 567 Silentiarius
347 501 469 567 anthol.
487 501 554 566 Pal.
574 501 651 565 V71
677 506 709 566 et
727 501 752 564 V
767 502 838 566 181.
880 501 1050 584 Proprium
1075 522 1151 567 vero
1174 506 1205 567 91
1228 503 1294 567 sin·

160 601 240 680 gulare
260 602 576 681 ααρακλαυσίθυροα
597 601 851 669 Alexandrinum
872 606 920 665 est
937 620 1068 666 carmen
1088 601 1186 679 illud,
1202 602 1297 684 quod

158 705 209 766 ute
234 722 356 785 paucos
391 721 493 766 annos
526 720 565 764 ex
598 702 756 783 Aegyptia
786 705 872 765 terra
902 701 935 764 in
964 701 1067 765 lucem
1097 704 1298 783 protractum

157 801 415 867 aWilamovitzio
449 801 482 865 in
517 800 735 865 Nachrichten
782 801 840 865 der
867 801 992 883 Kdnigl.
1034 801 1205 866 Gesellsch.
1242 801 1300 865 der

158 898 325 966 wissensch.
356 920 394 965 zu
421 901 593 982 thtingeu
625 902 721 977 1896,
751 899 918 981 phil-hist.
949 900 997 964 Kl.
1030 921 1061 982 p.
1085 900 1146 965 ⁶209
1167 920 1237 983 sqq.
1268 905 1300 964 et

159 997 180 1064 0.
197 1000 304 1066 Crusio
332 1001 365 1064 11
395 999 560 1081 Philologo
581 998 633 1062 LV
665 1019 696 1080 p.
716 1000 778 1064 354
794 1018 863 1081 sqq.
894 999 1014 1063 editum
1043 1003 1075 1063 et
1103 999 1299 1081 explicatum

160 1102 195 1175 911,
214 1119 288 1165 nam
310 1103 437 1182 praeter
453 1103 591 1164 metrum
606 1118 644 1162 99
659 1098 702 1162 ab
718 1099 848 1179 reliquis
865 1099 1026 1163 diversum
1048 1102 1105 1177 est,
1127 1098 1215 1180 quod
1237 1118 1302 1162 non

161 1194 264 1277 invenis,
286 1199 343 1262 sed
364 1198 472 1280 puella
488 1201 563 1262 ante
586 1198 728 1261 clausam
754 1197 968 1261 adulescentis
990 1197 1122 1261 ianuam
1146 1197 1304 1280 queritur.

162 1293 192 1358 11
202 1297 349 1379 Augustei
368 1298 440 1362 aevi
459 1297 563 1379 poetis
582 1300 832 1378 composuerunt
850 1296 1150 1377 παρακλαυσι’1υρα
1161 1298 1303 1363 Alexan·

165 1393 244 1462 trinos
271 1397 388 1462 imitati
416 1397 569 1461 Horatius
598 1397 651 1461 od.
683 1395 796 1474 11110,
829 1396 1014 1478 Propertius
1043 1397 1134 1475 116,
1168 1397 1303 1462 Ovidius

166 1499 333 1575 119116,
364 1516 448 1579 quae
475 1497 741 1579 praetermittam.
792 1498 932 1578 Operam
956 1501 1066 1562 autem
1096 1499 1305 1580 studiumque

166 1589 385 1673 npendendum
410 1596 488 1660 mihi
510 1601 589 1678 puto
611 1596 644 1659 in
663 1596 781 1660 Tibulli
804 1597 938 1678 elegiam
963 1599 976 1660 l
999 1597 1033 1675 1,
1062 1597 1222 1681 adquam
1245 1616 1300 1661 ex·

106 1774 109 1785 Ι
168 1690 318 1768 dicandam
335 1696 422 1760 haud
444 1697 512 1760 sine
526 1695 630 1761 fructu
652 1697 791 1761 comicos
807 1701 921 1778 poetas
936 1698 1052 1762 arcessi
1069 1697 1172 1761 video.
1212 1697 1307 1774 Quod

169 1806 267 1858 carmen
298 1796 377 1878 quin
402 1796 477 1860 inde
505 1815 525 1859 a
557 1797 690 1860 versui
721 1796 1036 1875 παρακλαυσίθυρον
1064 1797 1120 1873 sit,
1150 1797 1222 1878 quis
1249 1800 1306 1873 est,

170 1890 206 1965 qui
223 1895 363 1959 dubitet?
406 1895 468 1959 Sed
490 1895 568 1977 quid
588 1895 648 1958 sibi
670 1895 737 1960 vult
758 1895 884 1959 initium
900 1897 1050 1960 carminis
1071 1917 1100 1960 v·
1123 1897 1225 1959 1—6?

333 1991 403 2048 adde
422 2009 527 2048 merum
547 1993 665 2062 vinoque
684 2009 768 2046 novos
785 2010 925 2062 compesce
943 1993 1056 2056 dolores,

386 2070 501 2149 9991191
517 2083 550 2133 11
567 2079 630 2135 fessi
649 2080 755 2134 lumina
773 2079 846 2134 victa
863 2097 957 2149 sopor:

333 2183 387 2220 nen
405 2165 549 2235 quisquam
569 2167 656 2220 multo
674 2168 814 2236 perfusum
833 2171 958 2236 tempora
976 2168 1083 2222 Baccho

386 2252 495 2321 excitet,
514 2253 609 2307 inlelix
628 2253 693 2306 dum
712 2252 858 2321 requiescit
874 2269 959 2307 amor.

334 2356 398 2393 nam
416 2339 532 2408 positast
550 2342 660 2394 nostrae
677 2339 802 2394 custodia
820 2356 901 2394 saeva
919 2339 1035 2410 puellae,

389 2424 527 2479 clauditur
545 2428 573 2480 et
591 2425 661 2480 dura
678 2426 761 2481 ianua
778 2425 859 2479 firma
876 2442 943 2479 sera.

167 2498 289 2577 Exoritur
308 2512 493 2577 difficillima
508 2513 663 2594 quaestio,
683 2532 825 2595 quonam
843 2513 913 2577 loco
924 2511 1070 2576 Tibullus
1086 2531 1120 2575 se
1139 2515 1307 2593 potantem

164 2605 186 2664 91
210 2615 373 2677 canentem
403 2611 539 2676 finxerit.
600 2612 771 2676 Praeterea
801 2613 1035 2676 enucleandum
1066 2616 1129 2689 est,
1168 2611 1240 2692 quis
1270 2611 1310 2675 sit

106 2700 109 2745 t
162 2696 249 2776 irrisor
279 2711 347 2789 ille,
385 2731 480 2792 quem
516 2716 612 2794 poeta
641 2712 673 2775 in
703 2711 767 2775 fine
797 2712 916 2792 elegiae
947 2712 987 2775 87
999 2731 1069 2792 sqq.
1099 2710 1309 2793 alloquatur?

158 2793 227 2875 Puto
239 2811 388 2894 equidem
399 2810 536 2888 Tibullo,
558 2811 607 2874 vel
630 2812 736 2893 potius
747 2812 871 2876 auctori
887 2811 955 2875 eius
966 2809 1194 2888 Alexandrino,
1212 2809 1309 2873 talem

154 2913 271 2974 scenam
294 2912 371 2974 ante
386 2909 495 2973 oculos
513 2914 673 2974 versatam
691 2929 769 2988 esse,
792 2911 921 2992 qualem
940 2909 973 2973 in
994 2909 1100 2973 Plauti
1111 2909 1311 2974 Curculionis

151 3010 273 3074 exordio
296 3008 452 3072 videmus.
495 3009 541 3072 lbi
565 3010 650 3072 enim
671 3009 895 3074 Phaedromus
917 3012 1014 3073 noctu
1037 3029 1111 3073 cum
1132 3028 1234 3087 servo,
1257 3009 1310 3089 qui

147 3097 253 3173 vfuum
269 3114 299 3173 et
315 3127 403 3185 vasa,
426 3127 511 3190 quae
525 3108 567 3172 ad
588 3109 768 3190 potandum
784 3130 865 3190 opus
880 3113 964 3186 sunt,
987 3112 1105 3190 portat,
1129 3108 1171 3172 ad
1188 3107 1313 3172 amicae

141 3208 260 3273 0stium
283 3208 379 3283 venit,
401 3211 437 3271 ut
458 3227 496 3271 ex
518 3209 600 3271 servi
623 3209 728 3272 verbis
751 3212 886 3291 apparet
907 3229 939 3272 v.
964 3209 1039 3289 lsq.

339 3321 393 3373 quo
412 3305 459 3359 ted
477 3305 528 3358 hoo
545 3305 634 3360 noctis
652 3305 741 3361 dicam
760 3306 892 3377 proficisci
911 3305 984 3360 foras

340 3392 402 3445 cum
419 3389 487 3445 istoe
505 3394 605 3446 ornatu
622 3409 738 3461 cumque
756 3392 808 3447 hac
826 3410 935 3462 pompa,
954 3390 1144 3446 Phaedrome?

185 3475 362 3546 mufflm

344 3563 404 3618 eine
422 3563 467 3619 hie
485 3581 547 3619 cum
566 3564 630 3619 vino
648 3563 847 3618 sinus'fortur?
883 3562 948 3615 Pb:
967 3559 1020 3614 nisi
1038 3560 1122 3629 nevis,

341 3649 415 3703 Pal:
434 3649 498 3704 nolo
516 3649 616 3714 hercle,
635 3667 702 3704 nam
721 3649 818 3712 istunc,
837 3647 886 3717 qui
904 3648 959 3702 1911
976 3645 1101 3701 efflictim
1120 3645 1209 3707 velim.

351 3752 401 3806 ego
422 3735 500 3790 nobie
518 3736 609 3790 afferri
628 3734 719 3790 censui
737 3752 793 3803 eqs.

137 3797 234 3912 Turn
256 3848 285 3891 v.
311 3829 368 3893 147
384 3850 431 3911 sq.
453 3830 677 3894 Phaedromus
698 3831 824 3893 clausas
847 3829 930 3890 fores
952 3829 1108 3890 occentat.
1151 3823 1236 3901 Quid
1260 3841 1319 3884 nos

141 3918 300 4002 'moenie
335 3931 507 4010 quominus
529 3930 690 3994 Tibullum
715 3928 827 3993 eadem
859 3931 957 4008 atque
979 3925 1137 3988 comicum
1160 3922 1249 3986 illum
1271 3921 1318 3984 in-

142 4017 265 4090 venem
292 4028 403 4093 fecisse
433 4032 638 4094 statuamus?
682 4028 776 4092 Venit
805 4027 956 4091 nimirum
984 4028 1079 4106 poeta
1111 4041 1184 4087 cum
1207 4040 1318 4103 puero,

141 4115 209 4182 qui
239 4145 315 4192 rasa
345 4135 375 4192 et
405 4129 514 4193 vinum
543 4129 619 4212 fert,
651 4129 694 4192 ad
715 4127 823 4192 Deliae
852 4126 1001 4202 ianuam,
1033 4121 1100 4186 sive
1121 4124 1157 4186 ut
1180 4119 1258 4185 item
1280 4139 1318 4184 ac
