2910 4920
624 339 831 402 ,75-

529 507 576 564 did
596 511 700 574 παντὸς
719 501 800 575 οὗτος
819 511 868 574 τὰς
886 513 978 587 μα’χας

335 597 441 667 ἔλεγεν,
461 595 570 652 ἐδείκνυ
589 595 647 672 ἅμα
667 598 804 671 λέγωντὰ
826 601 970 673 opstipum
988 619 1042 669 cqc.

139 685 172 747 ln
188 685 334 748 Terentii
349 683 505 749 Eunucho
517 690 628 751 contra
640 708 750 753 servus
767 690 933 753 dominum
951 708 1055 767 suum,
1073 688 1128 771 qui
1148 688 1190 751 ab
1206 687 1312 751 amica

138 785 236 848 militi
259 784 480 866 postponitur,
510 785 572 849 boc
593 787 690 851 modo
712 809 790 870 prae
813 790 913 852 milite
937 789 989 852 illo
1011 788 1123 852 laudat
1143 808 1172 850 v.
1191 787 1252 850 ‘182
1265 807 1312 869 sq.

335 899 424 952 neque
441 901 549 953 pugnas
567 889 663 940 narrat
680 903 767 955 neque
787 886 925 942 cicatrices
943 905 1004 941 suas

335 971 456 1023 ostentat
473 985 527 1038 eqs.

136 1059 224 1120 Ecce
252 1057 387 1120 Ovidius
415 1057 554 1139 equitem
582 1057 738 1136 sanguine
770 1060 913 1137 pastum,
944 1057 999 1138 qui
1030 1056 1089 1138 ipsi
1122 1075 1141 1120 a
1172 1054 1312 1120 Corinna

137 1157 335 1238 praefertur,
359 1156 477 1220 eisdem
500 1156 564 1220 fere
586 1155 692 1218 verbis
712 1161 812 1239 atque
839 1157 949 1221 comici
971 1161 1087 1238 poetae
1109 1155 1224 1219 milites
1246 1155 1313 1236 glo·

137 1257 245 1320 riosos
265 1255 417 1320 describit
438 1276 467 1320 v.
487 1257 524 1320 19
541 1275 628 1337 sqq:

336 1369 416 1407 cerne
433 1353 586 1415 cicatrices,
618 1351 714 1406 veteris
733 1352 849 1422 vestigia
867 1369 990 1422 pugnae:

389 1440 571 1509 quaesitumst
588 1439 629 1492 illi
647 1455 774 1508 corpore,
800 1439 933 1508 quidquid
951 1439 1044 1494 habet.

342 1524 459 1579 forsitan
477 1528 505 1579 ot
524 1525 649 1594 quotiens
669 1525 809 1580 hominem
826 1525 1001 1595 iugulaverit,
1019 1525 1064 1580 ille

392 1611 510 1666 indicet!
535 1611 587 1664 hoc
605 1611 689 1665 fassas
707 1611 807 1680 tangis,
826 1629 919 1680 avara,
937 1611 1053 1665 manus?

142 1701 219 1764 Huc
241 1699 345 1763 addas
367 1698 502 1780 Propll
524 1699 604 1775 Lib
624 1697 802 1763 ‘enumerat
826 1699 915 1764 miles
936 1701 1079 1777 vulnera,
1100 1703 1209 1780 pastor
1231 1698 1315 1762 oves'

144 1803 177 1864 et
202 1799 297 1880 Prop.
321 1800 363 1861 IV
385 1801 413 1876 5,
431 1800 472 1863 49
499 1798 567 1863 ‘nec
596 1799 652 1862 tibi
677 1799 840 1880 displiceat
862 1800 951 1863 miles
975 1820 1039 1863 non
1061 1799 1164 1862 factus
1193 1797 1313 1861 amori'.

141 1899 258 1962 Milites
280 1902 405 1976 autem,
439 1899 493 1980 qui
524 1899 555 1961 in
586 1899 733 1962 convivio
766 1919 816 1963 res
850 1920 869 1963 a
902 1919 935 1963 se
968 1903 1074 1980 gestas
1110 1898 1310 1980 praedicant,

142 2001 441 2062 commemorantur
464 2019 484 2062 a
505 1997 636 2061 Nicolao
660 1999 782 2062 comico
804 2003 836 2062 et
857 2020 875 2062 a
898 1998 1041 2062 Tibullo:

178 2093 268 2147 Nicol.
285 2094 338 2164 frg.
359 2094 424 2164 1,37
435 2113 473 2163 sq.
492 2096 524 2149 K.
546 2097 581 2149 ΙΙΙ
600 2114 626 2164 p.
646 2095 698 2149 384

338 2177 545 2250 παρατάττεταί
563 2198 605 2239 τις
625 2182 671 2232 καὶ
686 2187 766 2233 ποιεῖ
781 2180 889 2240 πάντας
908 2183 1030 2253 νεκρούς,

339 2264 458 2319 δειπνῶν
477 2266 566 2341 σιωπῇ
585 2266 684 2319 τοῦτον
703 2262 928 2339 ὖπομυκτηρίσας

339 2350 379 2410 εἰς
398 2346 448 2422 τὴν
468 2349 605 2424 τράπεζαν
625 2341 670 2404 noi
689 2348 720 2406 σύ
741 2348 791 2423 τὴν
807 2350 894 2423 χολὴν
913 2351 991 2420 ἄφες.

180 2437 282 2491 Tibull.
302 2437 313 2489 1
335 2437 375 2499 10,
386 2437 419 2489 29
429 2455 487 2505 sqq·
563 2502 632 2555 alius
650 2501 685 2556 sit
704 2503 782 2556 fortis
800 2503 829 2555 jn
848 2503 931 2557 armis

406 2592 511 2644 sternat
528 2592 556 2642 et
574 2588 699 2642 adversos
717 2589 806 2643 Marte
824 2589 934 2643 favente
952 2589 1041 2657 duces,

319 2680 351 2729 ut
369 2675 437 2729 mihi
456 2674 565 2743 potanti
584 2674 670 2742 possit
690 2692 739 2728 sua
757 2675 845 2729 dicere
863 2675 924 2729 tata

415 2761 493 2814 miles
512 2763 540 2813 et
557 2759 586 2812 in
606 2776 700 2813 mensa
717 2757 830 2830 pingere
848 2765 937 2816 castra
954 2779 1036 2815 mero.

233 2851 416 2932 Sequantur
433 2848 571 2929 denique
588 2868 627 2910 ex
644 2848 773 2911 comicis
793 2850 937 2930 personis
960 2850 1053 2913 duri
1075 2848 1138 2911 illi
1160 2851 1314 2929 patres

144 2950 201 3030 qui
233 2949 264 3011 in
296 2948 403 3011 Plauti
434 2947 610 3010 Mercatore
639 2947 679 3010 46
694 2967 782 3028 sqq,
814 2948 946 3028 Epidico
969 2949 1029 3012 253
1046 2968 1133 3030 sqq,
1157 2947 1315 3011 Pseudolo

144 3049 208 3111 415
231 3067 319 3129 sqq,
347 3046 487 3110 Terentii
516 3045 882 3110 Heautontimorumeno
916 3048 972 3111 103
995 3068 1064 3128 sqq.
1095 3047 1265 3129 pecuniam
1297 3066 1315 3108 a

144 3147 219 3210 filiis
241 3147 284 3209 ad
306 3149 412 3208 scorta
436 3144 576 3207 delatam
601 3144 786 3225 deplorant,
815 3165 888 3209 cum
912 3166 951 3209 ne
973 3147 1032 3209 hos
1054 3147 1184 3228 quidem
1201 3145 1316 3208 Ovidio

147 3250 180 3310 et
202 3246 371 3326 Propertio
393 3245 520 3325 ignotos
543 3264 610 3306 esse
634 3249 790 3325 appareat
812 3265 851 3308 ex

184 3344 264 3412 Prop.
283 3343 308 3395 H
328 3343 371 3411 23,
383 3345 412 3396 ll
423 3359 462 3410 sq.

256 3444 259 3449 ·
338 3427 446 3481 differet
463 3427 530 3481 haec
550 3444 705 3494 numquam
723 3443 772 3480 nec
790 3429 883 3496 poscet
899 3426 1019 3495 garrula,
1039 3425 1112 3493 quod
1130 3428 1159 3479 te

392 3513 519 3568 astrictus
538 3515 625 3582 ploret
643 3529 723 3581 saepe
741 3511 844 3566 dedisse
862 3516 949 3580 pater,

181 3603 211 3653 et
227 3599 304 3654 Ovid.
324 3599 424 3654 remed.
437 3598 488 3652 563
501 3617 539 3667 sq.

340 3684 385 3737 cui
404 3685 486 3737 durus
504 3687 582 3753 pater
604 3685 652 3750 cst,
671 3685 703 3734 ut
723 3682 786 3734 voto
805 3683 897 3733 cetera
914 3679 1020 3746 cedant,

392 3769 456 3823 huic
475 3772 554 3839 pater
573 3772 638 3823 ante
660 3768 751 3821 oculos
769 3767 851 3819 durus
870 3765 1011 3819 habendus
1029 3764 1090 3819 erit.

232 3856 390 3934 Quoniam
414 3856 635 3921 meretricibus
667 3855 708 3918 ad
731 3853 940 3935 perliciendos
971 3857 1001 3915 et
1023 3852 1207 3933 spoliandos
1231 3872 1322 3915 ama·

144 3964 235 4023 tores
266 3978 370 4038 neque
398 3957 505 4020 minus
535 3954 704 4019 iuvenibus
733 3954 775 4016 ad
809 3953 970 4016 cavendos
991 3957 1169 4015 scortorum
1191 3940 1323 4032 laqueos

145 4057 258 4122 multis
281 4057 360 4120 dolis
382 4060 414 4119 et
438 4056 560 4119 artibus
582 4074 663 4136 opus
686 4057 743 4130 est,
769 4072 832 4116 non
857 4052 1013 4115 miramur
1035 4071 1209 4114 amorem
1234 4052 1322 4132 apud

143 4157 348 4222 Plautumet
362 4155 547 4218 Terentium
571 4153 746 4234 saepius
768 4156 811 4214 ut
834 4156 961 4215 artem
985 4150 1319 4234 difficillimam¹l

147 4260 197 4267 μ
215 4259 389 4361 ’l-lffico,
409 4295 496 4348 Plaut.
515 4293 623 4348 Forsch.
643 4312 671 4362 p.
691 4292 738 4346 131
750 4311 808 4361 sqq.
