2910 4920
614 271 817 333 ..15-

358 446 534 515 auidumue
552 422 612 502 meo
630 445 766 516 sanguine
783 444 954 517 ballogarii.
1059 473 1060 476 ¹

325 533 391 603 quid
409 533 461 588 riui
480 533 629 588 iucundum
654 537 695 588 esi
712 533 788 588 siccis
813 533 940 588 habitare
958 532 1115 588 medullis?

360 619 383 673 si
401 637 470 690 puer
488 623 541 683 est,
567 620 623 674 alio
641 619 726 674 lraice
744 619 817 674 bella
835 623 891 675 lua.

133 713 340 796 Quamquam
369 716 421 779 hic
449 715 578 789 laudat,
617 715 668 779 ille
696 716 858 796 vituperat
885 715 1059 796 piciorem‚
1089 721 1214 779 lamen
1246 730 1310 774 con·

134 816 276 879 senliunl
297 816 392 880 deum
417 816 522 893 illum,
546 817 599 897 qui
624 820 689 879 lam
716 816 798 879 lente
820 816 970 888 haereat,
993 814 1064 878 alas
1086 835 1164 879 non
1190 814 1311 878 habere.

134 913 198 976 Sed
220 933 286 977 rem
314 914 534 996 compluribus
553 916 706 997 exemplis
728 916 885 979 illuslrare
915 935 1095 998 possumus.
1158 916 1215 979 Sic
1245 914 1313 978 dicii

134 1013 332 1094 Aristophon
353 1014 410 1094 lrg.
438 1016 484 1090 ll,
513 1015 550 1079 K.
574 1016 600 1078 ss
627 1035 658 1096 p.
680 1017 741 1079 280
772 1017 924 1079 Amorem
954 1013 1043 1095 apud
1075 1013 1240 1078 homines
1272 1010 1313 1076 re

134 1132 275 1190 manere,
299 1114 387 1195 quod
401 1115 548 1196 pennisa
566 1115 695 1197 reliquis
712 1115 780 1178 deis
794 1115 949 1197 spolialus
968 1113 1017 1177 sit.
1061 1111 1157 1176 Tum
1179 1114 1314 1196 pictores

136 1211 265 1292 ignaros
286 1232 354 1277 esse
370 1214 511 1278 affirmat
531 1214 643 1278 eodem
667 1215 765 1278 modo
784 1219 882 1296 alque
897 1213 1040 1278 Eubulus
1052 1212 1174 1276 Alexis
1193 1213 1315 1277 duobus

135 1309 339 1390 fragmentis:

171 1417 223 1485 frg.
242 1416 301 1482 945,
312 1423 336 1482 3,
355 1419 387 1472 K.
407 1418 434 1471 ll
453 1437 480 1488 p.
501 1419 550 1472 387

333 1508 380 1558 καί
394 1525 445 1577 μοι
464 1505 594 1559 δοκοῦσιν
613 1509 728 1575 ἀγνοεῖν
749 1507 775 1558 οἱ
793 1507 931 1576 ζωγράφοι

333 1587 382 1645 τὸν
396 1589 511 1663 Ἔρωτα,
530 1595 742 1664 συντομώτατον
761 1593 791 1643 d'
812 1591 911 1655 εἰπεῖν,
931 1585 989 1644 ὅσοι

334 1677 383 1730 τοῦ
401 1677 534 1750 δαίμονος
554 1682 652 1732 τούτου
670 1678 800 1752 ποιοῦσιν
819 1678 928 1738 εἰκόνας
946 1695 1000 1746 eqs.

138 1784 167 1835 et
184 1782 237 1851 frg.
256 1783 299 1849 20,
318 1781 350 1834 K.
370 1781 394 1834 Il
412 1801 439 1852 p.
458 1783 509 1836 305

671 1868 783 1939 λέγεται
803 1862 857 1939 γὰρ
876 1869 957 1936 λόγος

333 1949 386 2008 ὑπὸ
406 1955 459 2009 τῶν
479 1955 617 2023 σοφιστῶν
634 1952 673 2026 μὴ
692 1956 830 2009 πέτεσθαι
850 1951 898 2007 τὸν
920 1950 990 2008 θεὸν

335 2039 382 2096 τὸν
397 2041 512 2115 Ἔρωτα,
533 2039 596 2103 τοὺς
611 2044 630 2094 δ
634 2047 640 2064 ¹
660 2041 789 2114 ἐρῶντας.
818 2042 911 2095 αἰτίαν
929 2042 956 2092 δ’
978 2040 1052 2113 ἔχειν

334 2126 444 2182 ἐκεῖνον
463 2128 557 2193 ἄλλως,
584 2132 754 2200 ἠγνοηκότας
771 2129 801 2181 δὲ
822 2127 885 2188 τοὺς

334 2222 454 2287 γραφεῖς
473 2215 571 2288 ἔχοντα
589 2217 731 2289 πτέρυγας
749 2213 834 2269 αὐτόν
853 2219 1016 2287 ζωγραφεῖν.

144 2309 254 2376 Verbis
282 2310 327 2392 μή
358 2316 524 2373 πέτεσθαι
553 2312 611 2372 τοι·
642 2311 726 2373 θεὸν
755 2310 814 2372 τόν
836 2307 977 2388 Ἔρωτα,
1015 2306 1088 2379 τούς
1118 2305 1148 2366 δ’
1173 2308 1320 2386 ἐροῦιτας

143 2415 251 2474 ulrum
283 2410 479 2491 significetur
507 2410 620 2475 levitas
646 2415 678 2475 ei
699 2411 864 2475 temeritas
886 2410 1081 2484 amantium,
1112 2427 1219 2490 quam
1240 2408 1319 2471 Pro·

143 2511 266 2590 pertius
283 2529 411 2592 quoque
434 2514 666 2574 commemorat
684 2531 714 2575 v.
737 2513 773 2575 3:
804 2509 840 2573 ‘is
862 2510 1002 2591 primum
1024 2507 1104 2571 vidit
1126 2507 1199 2569 sine
1223 2526 1319 2571 seusu

142 2609 250 2673 vivere
273 2614 420 2673 amantes
449 2613 480 2672 el
510 2609 632 2673 levibus
654 2612 737 2674 curis
759 2629 878 2691 magna
906 2609 1010 2691 perire
1033 2607 1136 2682 houa',
1169 2626 1216 2670 an
1248 2627 1316 2671 cor·

143 2710 229 2790 poris
261 2709 410 2773 alacritas
440 2714 473 2773 et
502 2711 663 2787 celeritas,
695 2711 725 2773 in
748 2710 856 2773 medio
887 2709 1076 2789 relinquam,
1107 2725 1186 2769 nam
1219 2707 1319 2770 eliam

143 2805 208 2870 huc
230 2806 339 2870 referri
361 2812 513 2888 possunt,
544 2813 580 2872 ul
609 2810 702 2874 docel
723 2809 849 2874 Caecilii
872 2808 964 2873 Statii
996 2808 1074 2888 frag.
1097 2807 1212 2869 iucert.
1237 2806 1319 2881 xlll,

351 3013 468 3068 Venerio
485 3030 564 3068 cursu
583 3013 645 3069 veni
664 3015 771 3084 prolato
790 3015 867 3084 pede.

144 3105 283 3186 Deinde,
314 3112 350 3172 ul
369 3108 485 3173 similia
515 3129 534 3174 a
553 3111 656 3191 poclis
677 3110 903 3174 Alexandrinis
923 3113 1052 3191 recepta
1075 3126 1142 3170 esse
1165 3125 1321 3187 compro-

145 3209 248 3286 belur,
272 3208 427 3272 adeamus
450 3209 600 3273 Ovidium
623 3215 656 3274 et
677 3209 904 3274 Heliodorum:

180 3313 259 3368 Ovid.
277 3318 343 3370 mei.
363 3316 376 3370 Ι
393 3314 445 3369 540
457 3333 515 3384 sqq.

342 3408 390 3479 qui
408 3411 501 3463 tamen
520 3405 672 3476 insequitur
688 3403 786 3475 pennis
804 3403 914 3459 adiutus
931 3401 1047 3464 Amoris,

340 3495 414 3549 ocior
432 3497 474 3550 esi
492 3492 669 3563 requiemque
686 3494 773 3559 negat
790 3493 924 3560 tergoque
944 3488 1050 3558 fugacis

339 3581 468 3636 imminet
498 3597 551 3649 eqs.

145 3677 283 3760 Propius
318 3677 413 3741 eliam
449 3675 608 3740 accedunt
644 3673 685 3737 ad
715 3672 857 3736 Alexidis
889 3672 987 3736 verba
1022 3691 1077 3748 ea,
1109 3690 1194 3752 quae
1226 3673 1321 3754 apud

146 3778 354 3842 Heliodorum
373 3777 413 3840 lV
430 3777 449 3840 A
465 3775 597 3849 iuvenis
620 3774 675 3855 qui
696 3792 807 3837 cursus
829 3776 992 3836 certamen
1016 3771 1095 3834 inire
1117 3769 1195 3844 vuli,
1220 3769 1319 3835 dicit:

146 3875 204 3940 otiu
234 3867 356 3953 οἶσθα,
397 3871 447 3936 ὅτι
475 3874 529 3935 καὶ
561 3875 619 3935 τοι·
640 3870 766 3953 Ἔρωτα
795 3874 973 3952 πτεροῦσιι·
1005 3869 1034 3931 oi
1063 3870 1241 3950 γράφοι-τις
1282 3873 1320 3931 cri

146 3976 313 4057 εὐκίνητοι·
345 3979 409 4036 τῶν
442 3973 496 4036 ὑπ’
529 3972 631 4035 αὐτοῦ
661 3979 905 4054 κεκρατημένων
939 3967 1177 4049 αίι·ιττόμετοι,·
1230 3967 1317 4032 Tum

146 4075 246 4156 Longi
259 4075 326 4153 117,
349 4077 360 4138 l
387 4071 467 4146 θεός
488 4072 589 4152 ἐστιν,
612 4062 639 4134 ui
662 4075 789 4151 παῖδες,
813 4070 953 4152 ὀἝρως,
977 4080 1046 4144 νέος
1066 4072 1120 4132 καὶ
1144 4072 1240 4147 καλὸς
1263 4074 1319 4136 καὶ
