2910 4920
614 327 821 392 ⁴47-

136 509 263 576 turbati
297 526 402 571 meras
433 525 537 585 nugas
575 505 729 586 garriunt.
784 503 835 568 Sic
867 503 899 567 in
931 503 1037 567 Plauti
1066 503 1165 567 Persa
1199 521 1313 567 servus

137 629 258 675 amans
280 609 348 688 ipse
369 605 487 670 fatetur
507 625 537 668 v.
559 605 611 668 49.

339 721 447 776 Amoris
465 720 542 790 vitio,
562 738 617 775 uon
635 738 705 784 meo,
724 737 796 774 nuno
813 719 866 774 libi
884 717 1039 788 morologus
1057 717 1101 772 fio.

138 831 343 910 Quibuscum
365 827 430 892 non
451 827 621 910 discrepat,
643 825 730 908 quod
749 825 894 891 Tibullus
916 825 1061 906 queritur
1082 825 1109 888 ll
1129 826 1159 904 6,
1174 826 1270 907 l7sq.

341 948 372 1000 lu
391 945 518 999 miserum
538 948 657 1014 torques,
676 946 707 998 tu
725 960 768 998 me
787 940 857 996 mihi
876 941 936 997 dira
955 941 1062 1012 precari

392 1032 466 1103 cogis
484 1035 512 1087 et
530 1032 627 1086 insana
645 1034 737 1086 mente
754 1030 875 1086 nefanda
891 1029 974 1098 loqui.

141 1139 201 1202 De·
225 1139 404 1203 amantium
438 1139 565 1220 ineptiis
597 1138 664 1218 agit
704 1137 801 1201 eliam
836 1135 976 1200 Achilles
1007 1135 1119 1200 Tatius
1141 1137 1184 1202 VI
1223 1140 1267 1217 18,
1296 1139 1316 1202 2

144 1238 307 1318 διελέγετο
329 1236 457 1300 ,ἄλλοτε
491 1233 576 1301 ἄλλοι
609 1235 739 1318 ῥήματα
772 1235 952 1316 σοιοὶπτιοι
984 1233 1042 1300 oux
1080 1237 1197 1316 ἔχοντα
1230 1241 1317 1317 γοῦν,

143 1339 285 1400 τοιοῦτοι
307 1339 367 1417 γδρ
389 1335 421 1399 οἱ
441 1339 590 1417 έρῶιπες,
621 1333 702 1398 ὅταν
724 1337 807 1416 πρδς
828 1337 991 1417 ἐρωμένας
1012 1337 1173 1420 ζητήσωσι
1194 1336 1315 1404 λαλεῖν.

231 1455 304 1520 Noti
327 1461 436 1520 autem
465 1458 540 1519 sunt
562 1454 783 1519 adulescentes
804 1454 846 1517 iili
869 1453 1020 1529 Plautini,
1050 1454 1105 1536 qui
1127 1455 1317 1521 firmissimis

146 1555 419 1620 affirmationibus
431 1575 574 1619 amorem
587 1574 681 1619 suum
694 1573 878 1618 asseverare
888 1554 1002 1619 volunt
1014 1558 1121 1636 alque,
1132 1555 1159 1619 si
1169 1556 1319 1621 maximis

146 1657 244 1737 nugis
277 1656 370 1719 dictis
403 1655 535 1720 tandem
577 1655 619 1718 ad
660 1653 756 1717 finem
791 1653 1003 1718 iurisiurandi
1033 1659 1206 1733 venerunt,
1240 1656 1318 1738 quid

146 1756 287 1821 locuturi
308 1755 440 1833 fuerint,
468 1755 624 1819 nesciunt.
668 1753 866 1831 Memineris‚
889 1754 913 1822 sl
937 1754 1059 1835 placet,
1083 1754 1204 1819 confusi
1227 1755 1319 1820 iuris·

147 1855 296 1934 iurandi,
318 1856 405 1938 quod
427 1856 549 1937 profert
569 1853 795 1935 Agorastocles
817 1853 847 1916 in
869 1852 1015 1917 *Poenulo
1036 1853 1173 1935 tressa,
1205 1855 1320 1918 Mnesi-

146 1955 266 2019 lochus
299 1954 332 2018 in
361 1954 575 2018 Bacchidibus
604 1956 665 2018 503
691 1974 755 2035 sq.‚
792 1953 1048 2017 Alcesimarchus
1080 1953 1111 2016 in
1141 1952 1319 2019 Cistellaria

148 2056 214 2119 283
227 2073 274 2137 sq.
302 2058 334 2117 et
352 2054 472 2135 512sq.
512 2054 593 2117 Ecce
614 2053 808 2133 Meleagrum
833 2072 963 2134 quoque
980 2072 1014 2115 se
1035 2053 1133 2117 talem
1155 2053 1319 2134 garrulum

145 2158 332 2219 amatorem
357 2154 485 2218 finxisse
507 2153 717 2218 observamus
738 2152 861 2217 anthol.
884 2152 952 2216 Pal.
977 2153 1003 2215 V
1029 2153 1210 2236 182‚3sqq.
1223 2153 1246 2236 ¹)

253 2270 389 2344 ἄγγειλον
408 2275 482 2342 ια’δε,
502 2275 619 2351 Δορκάς·
639 2272 699 2331 ἰδοὺ
711 2276 779 2331 πάλι
798 2275 932 2350 δεύτερον
950 2273 1022 2352 adep}

307 2365 354 2417 καὶ
374 2366 469 2437 τρίτον
488 2361 633 2435 ἄγγειλον,
651 2361 770 2437 Δορκάς,
789 2358 909 2433 ἅπαντα,
929 2363 1016 2437 τρέχε·

251 2450 353 2522 μηκέτι
370 2451 463 2524 μέλλε,
482 2451 568 2505 πέτου
587 2483 620 2490 -
638 2449 724 2525 βραχύ
741 2471 800 2524 μοι,
819 2448 914 2524 βραχύ,
932 2452 1047 2523 Δορκάς,
1066 2448 1183 2524 ἐπίσχες.

305 2539 421 2612 Δορκάς,
440 2545 489 2592 ποῖ
504 2539 640 2606 σπεύδεις,
658 2541 726 2612 πρίν
746 2556 777 2592 σε
797 2533 830 2591 τὰ
849 2539 940 2592 πάντα
958 2544 1080 2610 pedatu

269 2627 391 2698 πρόσθες
409 2625 428 2678 δ
432 2621 447 2690 ’‚
467 2619 508 2688 οἷς
527 2626 626 2698 εἴρηκα
644 2626 730 2679 πάλαι
751 2656 784 2666 -
803 2625 909 2698 μᾶλλον
929 2624 958 2678 δέ
978 2628 1016 2690 (τί
1033 2625 1107 2700 ληρῶ
1114 2626 1132 2696 ;)

306 2712 395 2785 μηδὲν
413 2707 582 2784 drocarum
600 2743 631 2752 -
652 2709 708 2766 ἀλλ’
726 2707 770 2767 ὅτι
789 2743 823 2752 -
841 2715 931 2767 πάντα
951 2712 1024 2784 λέγε.

253 2795 292 2871 μὴ
312 2800 409 2868 φείδου
429 2796 463 2853 τὰ
483 2792 594 2854 ἅπαντα
613 2803 717 2870 λέγειν.
737 2802 830 2854 καίτοι
849 2802 876 2853 τί
893 2819 933 2868 σε,
951 2798 1070 2874 Δορκάς,

307 2884 453 2961 έκπέμπω;
471 2884 522 2942 οὐν
539 2889 583 2942 σοι’
601 2883 709 2954 καύτός,
728 2886 798 2959 troo,
816 2890 955 2963 προάγων.

153 2993 353 3074 Meleagrum
377 2994 429 3058 hic
457 3014 561 3059 novae
591 2994 777 3059 comoediae
807 2998 999 3059 sectatorem
1021 2994 1171 3059 exsistere
1192 2997 1326 3078 propter

156 3112 351 3158 consensum
384 3093 491 3159 Plauti
523 3094 634 3176 negari
668 3095 721 3158 vix
752 3096 867 3176 potest.
939 3094 1192 3158 innumerabiles
1223 3114 1327 3176 paene

155 3193 253 3271 locos,
277 3193 393 3275 quibus
410 3194 557 3259 homines
576 3194 736 3259 amatorio
751 3194 865 3259 morbo
880 3194 990 3259 afflicti
1005 3193 1162 3272 furentes
1173 3199 1327 3274 amentes

158 3293 266 3358 miseri
289 3298 456 3373 vocantur,
476 3295 658 3360 adscribere
681 3295 908 3376 supersedeam
929 3298 961 3358 et
983 3313 1079 3373 nunc,
1101 3295 1265 3376 quomodo
1286 3314 1328 3358 ne

160 3393 287 3474 corpori
308 3393 439 3476 quidem
462 3399 576 3477 parcat
597 3395 650 3459 hic
672 3394 813 3473 morbus,
836 3394 976 3458 breviter
997 3393 1222 3476 perstringam.

240 3491 398 3577 Amantes
413 3511 509 3592 igitur
531 3516 563 3578 et
583 3512 616 3576 in
639 3511 754 3577 fabulis
776 3516 807 3577 et
828 3512 861 3575 in
881 3511 977 3592 elegis
992 3514 1158 3591 aegrotam
1182 3516 1214 3576 et
1235 3512 1329 3594 palli·

161 3611 235 3675 dam
260 3610 373 3675 faciem
396 3611 564 3678 ostendere
585 3611 696 3675 solent.
741 3612 853 3694 ltaque
874 3611 950 3676 dicit
970 3610 1105 3675 Ovidius
1126 3615 1185 3675 art.
1207 3612 1221 3675 l
1242 3613 1302 3676 729

357 3728 460 3797 palleat
478 3728 566 3783 omnis
584 3730 694 3784 amone!
713 3729 757 3782 hic
776 3731 818 3783 est
834 3729 909 3783 color
929 3730 1010 3798 aptus
1030 3727 1145 3782 amanti.

161 3832 222 3895 Vix
246 3851 365 3913 operae
385 3833 524 3914 pretium
550 3837 598 3898 est
613 3834 751 3916 reliquos
766 3855 878 3898 omnes
896 3835 991 3912 locos
1014 3833 1069 3915 qui
1084 3833 1124 3897 de
1146 3832 1327 3897 amantium

161 3979 355 4003 -ἱ-

234 4082 260 4152 l)
279 4083 319 4138 cf.
339 4083 400 4147 Leo,
419 4083 539 4138 Plantin.
559 4083 666 4138 Forsoh.
685 4102 712 4154 p.
733 4085 792 4150 136,
805 4086 826 4137 l.
