2910 4920
642 339 848 402 ..ρο-

265 510 306 569 τίς
323 509 484 583 πλοκάμους
503 513 626 584 Μελίτης
646 511 766 576 εὕώδεας
784 510 803 586 ἤ
820 515 961 587 πυρόεντα

332 593 444 668 ὄμματα
464 601 511 652 καί
529 599 624 672 δειρῆς
644 601 750 671 φέγγος
770 599 976 672 inanitionem

262 681 317 736 ποῦ
334 681 470 752 altiorum
485 685 540 738 ποῦ
557 681 588 737 δ’
608 686 661 740 εἰσί
679 686 824 757 λιθόξοοι,·
842 689 947 761 ἔπρεπε
969 694 1029 766 reip

330 770 426 845 μορφῇ
444 767 513 842 νηὸν
532 771 608 844 ἔχειν
625 771 813 847 (ἶςμακιίρων
832 773 930 849 ξοάνῳ.

157 863 241 926 Tum
263 863 468 928 meminimus
488 864 631 929 locorum
654 868 813 950 Propertii

192 960 355 1030 Hdssm

311 1048 334 1101 si
352 1047 413 1116 quis
433 1048 493 1102 vult
510 1048 586 1102 fama
604 1049 711 1103 tabulas
733 1050 841 1106 anteire
860 1055 984 1106 vetustas

322 1161 325 1166 ·
376 1134 421 1188 hic
437 1134 578 1189 dominam
596 1137 719 1205 exemplo
740 1140 827 1206 ponat
847 1136 877 1190 in
895 1141 954 1192 arte
972 1154 1071 1204 meam,

163 1252 165 1257 ⁴
194 1230 222 1282 et
242 1228 254 1280 Ι
274 1228 300 1298 2,
310 1229 342 1281 21
352 1246 393 1297 sq.

224 1309 226 1313 '
312 1315 359 1370 aa
376 1313 459 1369 aaa
477 1301 573 1368 aderat
592 1313 674 1367 nunu
693 1312 812 1367 obnoxia
828 1313 952 1382 gemma,

369 1400 457 1469 qualis
477 1399 593 1470 Apelleis
611 1402 652 1454 est
664 1396 747 1453 color
764 1399 793 1453 in
814 1399 924 1453 tabulis.

239 1495 357 1559 Erotici
380 1515 520 1577 quoque,
541 1495 595 1577 qui
618 1496 779 1572 dicuntur,
802 1495 902 1576 script
903 1515 974 1558 ores
990 1494 1076 1557 illam
1094 1492 1263 1573 pulchrae
1280 1490 1339 1553 vir-

160 1594 241 1675 ginis
271 1614 344 1659 cum
375 1595 455 1658 deae
482 1594 654 1658 simulacro
685 1599 851 1714 comparat
854 1595 959 1657 ionem
989 1595 1077 1658 haud
1108 1592 1210 1657 semel
1245 1590 1338 1654 adhi-

159 1695 314 1759 buerunt:
346 1694 507 1758 Heliodor.
537 1694 693 1771 113349
724 1695 778 1755 καὶ
808 1691 894 1756 ὅπου
916 1694 957 1780 riq
982 1700 1163 1775 φαινομένη
1188 1695 1286 1752 sauir
1320 1713 1336 1773 ι

158 1791 292 1874 δρόμων
328 1791 511 1877 ἢοῖγορῶι,
541 1790 700 1871 καθάπερ
730 1794 918 1873 α’ρχέτυποο
949 1791 1080 1873 ἄγαλμα
1104 1795 1228 1854 πᾶσαι
1256 1786 1336 1876 ripun·

158 1894 211 1956 καὶ
234 1891 383 1956 διάνοιαν
412 1894 463 1974 ἐφ’
493 1892 597 1976 αὑτήν
627 1894 825 1974 ἐπιστρέφει.
877 1893 1039 1956 Heliodor.
1062 1892 1092 1954 X
1109 1893 1138 1968 9,
1159 1890 1198 1954 51
1236 1887 1335 1969 α’γιίλ·

157 2016 237 2074 ματι
272 1996 356 2055 θεοῦ
386 1992 486 2054 πλέον
521 1989 543 2074 rJ'
575 1996 683 2074 θνητῇ
719 1993 842 2071 γυναικὶ
872 1995 1149 2072 προςεικαζομένη.
1219 1990 1333 2052 Achil.

157 2095 229 2158 Tal.
250 2092 277 2155 V
298 2092 342 2169 ll,
360 2093 380 2155 5
401 2095 537 2170 γυναῖκα
552 2092 612 2170 γοέρ
630 2092 784 2172 ἐξέμηνεν
799 2092 851 2153 ἐπ’
868 2091 972 2154 αὐτόν
994 2087 1085 2153 ποίου
1102 2086 1222 2174 καλήν,
1251 2087 1333 2152 ὥστε

158 2189 201 2256 cir
223 2191 303 2254 idcir
324 2190 428 2272 αὕιὴν
451 2189 554 2262 εἴποις
576 2187 716 2269 ἄγαλμα.

241 2298 325 2377 Quin
348 2297 445 2361 etiam
468 2316 712 2378 nonnumquam
734 2300 881 2360 amantes
905 2296 1125 2360 adulescentes
1148 2300 1182 2359 et
1204 2298 1334 2378 puellae

159 2418 288 2463 omnem
308 2397 486 2460 humanam
509 2397 645 2460 formam
669 2400 840 2477 superant,
873 2400 907 2459 ut
929 2396 1091 2473 homines,
1123 2396 1157 2458 in
1188 2417 1279 2478 quos
1300 2399 1334 2460 de

161 2498 335 2580 improviso
365 2497 527 2574 incidunt,
557 2496 648 2577 quasi
670 2497 803 2559 deorum
828 2498 961 2577 aspectu
982 2496 1142 2575 perterriti
1167 2500 1332 2578 stupeant.

161 2598 212 2663 Sic
230 2596 368 2677 legimus
390 2597 476 2678 apud
498 2596 720 2659 Damoxenum
743 2595 801 2675 frg.
825 2594 935 2657 incert.
959 2596 987 2671 3,
1010 2595 1046 2657 K.
1062 2594 1102 2657 ΙΙΙ
1123 2615 1155 2675 p.
1181 2598 1250 2662 353

568 2702 683 2760 νεανίας
701 2719 744 2761 τις
762 2697 922 2770 ἐσφαίριζεν
940 2691 980 2759 εἷς

373 2783 442 2839 ε’τών
459 2788 476 2853 †
493 2788 509 2852 †
527 2788 543 2852 †
562 2785 750 2840 ἑπτακαίδεκα

379 2870 469 2931 Kaine·
498 2868 584 2933 θεοὺς
602 2869 657 2944 γὰρ
677 2868 793 2939 φαίνεθ’
812 2867 828 2942 ἦ
849 2869 932 2942 νῆσος
951 2868 1050 2940 φέρειν
1069 2885 1122 2936 eqs.

161 2965 308 3043 Quocum
328 2967 483 3046 congruit,
500 2969 585 3048 quod
598 2969 743 3031 Donatus
756 2968 795 3031 de
807 2965 972 3030 Menandri
985 2963 1127 3028 Phasma
1146 2967 1179 3027 te
1198 2966 1334 3030 adnotat

162 3067 205 3129 ad
227 3066 368 3129 Terentii
393 3067 537 3131 Eunuch.
556 3068 635 3148 prol.
659 3070 735 3131 v.9:
831 3066 918 3148 quod
946 3085 1018 3128 curn
1050 3064 1334 3130 animadvertisset

94 3242 96 3247 ,
161 3165 364 3243 adulescens,
396 3166 536 3246 primum
568 3170 700 3246 aspectu
728 3165 883 3246 pulchrae
912 3165 1043 3245 virginis
1071 3165 1161 3227 velut
1192 3164 1333 3229 numinis

161 3265 232 3328 visu
252 3264 417 3345 perculsus
440 3264 622 3329 exhorruit:
645 3266 732 3328 unde
754 3266 896 3329 Phasma
919 3270 966 3328 est
988 3284 1106 3327 nomen
1127 3264 1277 3330 fabulae.

243 3370 355 3452 Neque
377 3390 443 3434 non
466 3372 664 3435 concordant
682 3373 812 3452 elegiaci
827 3375 951 3453 poetae,
972 3391 1048 3434 nam
1065 3370 1206 3436 Ovidius
1229 3372 1333 3436 scribit

195 3475 299 3530 heroid.
318 3475 372 3529 XV
390 3475 474 3543 (XVI)
493 3477 544 3529 332
557 3495 614 3545 sqq.

360 3566 441 3631 teque
461 3581 560 3617 novam
580 3563 671 3618 credet
690 3563 787 3630 vulgus
806 3562 898 3617 adesse
916 3563 1005 3630 deam,

308 3667 416 3717 quaque
434 3650 504 3704 feres
522 3667 636 3719 gressus,
656 3649 807 3704 adolebunt
825 3649 954 3702 cinnama
970 3647 1106 3715 flammae,

359 3752 491 3803 caesaque
509 3736 688 3805 sanguineam
709 3735 821 3789 victima
840 3735 955 3804 planget
972 3733 1097 3787 humum.

244 3826 338 3904 Quod
363 3830 404 3892 ad
429 3830 567 3893 Graecos
597 3830 887 3893 Alexandrinorum
911 3831 1084 3893 sectatores
1105 3828 1248 3910 attinet,
1279 3832 1331 3895 im·

161 3927 272 4006 primis
294 3929 403 3991 erotici
426 3930 596 4010 scriptores
613 3929 861 4009 pulchritudinis
879 3929 943 3991 vim
967 3928 1011 3991 ita
1028 3926 1194 3994 illustrare
1218 3932 1330 3997 solent:

162 4026 308 4109 Xenoph.
331 4029 413 4110 Eph.
435 4029 448 4092 I
473 4030 535 4106 1,3
566 4033 743 4109 προσεῖχον
772 4028 810 4089 δὲ
832 4027 875 4100 οἷς
903 4029 975 4107 θεῷ
1004 4029 1049 4103 τῷ
1077 4036 1254 4112 μειρακίῳ·
1285 4032 1333 4093 καί

162 4125 244 4189 εἰσιν
265 4124 328 4211 ἤδη
350 4137 441 4207 τινες,
476 4125 509 4191 οἳ
528 4129 581 4190 καὶ
605 4124 849 4210 προςεκύνησαν
871 4124 998 4199 ἰδόντες
1019 4126 1073 4187 καὶ
1095 4128 1329 4208 προςειίξοντο·
