2910 4920
620 289 827 353 -5q..

170 472 248 529 Ouid.
266 469 372 526 heroid.
391 469 459 523 XIX
479 469 554 536 (XX)
574 468 608 523 35

327 559 350 613 si
367 574 460 622 noceo,
482 557 555 626 quod
573 572 646 621 amo,
670 555 768 624 fateor,
793 554 852 609 sine
870 552 924 606 fine
946 553 1061 608 nocebo.

214 647 298 712 Turn
325 646 533 712 Pleusicles
525 665 557 709 rn
590 643 697 708 Plauti
722 643 820 707 Milite
852 642 929 706 1⁶28?
952 649 1023 724 sqq
1053 661 1115 706 sua
1135 642 1271 707 inhonesta
1330 631 1348 720 λ’

132 746 321 810 saetacum
351 746 487 811 aliorum
517 745 729 810 hominumt
730 762 785 806 um
812 741 945 806 Achillis
975 742 1124 824 exemplo
1150 758 1271 806 excusare
1338 742 1346 774 ³²

134 849 280 928 conatur,
303 846 357 928 qui
380 850 476 928 propt
478 866 512 910 er
533 864 678 909 amorem
694 844 835 908 Achivos
857 841 959 907 occidi
980 861 1097 923 passus
1112 842 1159 905 sit.
1199 841 1275 919 Quem

135 947 177 1011 ad
199 945 295 1009 finem
314 944 446 1009 Achillis
468 946 516 1009 ira
533 945 630 1010 etiarn
653 945 695 1008 ab
715 943 859 1025 Horatio,
881 942 1061 1024 Propertio,
1086 941 1197 1006 Ouidio
1219 959 1283 1003 rou-

136 1049 352 1110 memoratur:
374 1044 489 1109 Horat.
515 1065 613 1110 oarrn.
633 1045 660 1108 ll
680 1046 710 1121 4,
723 1046 741 1108 3
756 1063 827 1126 sqq.
857 1043 951 1124 Prop.
968 1041 994 1105 ll
1013 1043 1043 1117 8,
1055 1041 1097 1106 27
1116 1060 1184 1123 sqq.
1211 1039 1283 1104 Ouid.

135 1164 236 1210 amor.
256 1145 270 1208 l
291 1147 320 1222 9,
332 1145 372 1208 3t
383 1164 453 1226 sqq.
485 1165 586 1210 amor.
612 1145 638 1209 ll
660 1146 688 1221 8,
703 1144 737 1208 11
754 1163 824 1225 sqq.
854 1146 915 1207 art.
937 1142 965 1205 ll
987 1142 1043 1205 711
1059 1161 1131 1223 sqq.
1346 1156 1348 1161 ·

220 1247 265 1309 At
294 1245 327 1307 iu
350 1244 574 1325 Aristophanis
603 1244 743 1308 nubibus
773 1242 879 1306 iuveni
901 1241 1074 1320 suadetur,
1107 1245 1143 1305 ut
1164 1234 1291 1304 adulterii

139 1345 267 1426 culpam
291 1344 358 1408 Iovi
381 1344 538 1409 attribuat
560 1364 589 1407 v.
616 1345 694 1408 1078
707 1364 776 1425 sqq.

276 1444 375 1514 μοιχὸς
393 1437 448 1513 γὰρ
468 1437 502 1512 ἢν
520 1439 606 1516 τύχῃς
624 1436 716 1506 cilonis,
736 1436 803 1494 τάδ’
823 1435 951 1513 ἀντερεῖς
968 1437 1038 1513 πρὸς
1055 1437 1150 1506 αὐτόν,

277 1522 314 1588 οἷς
333 1524 414 1581 οῦδὲν
432 1524 573 1598 ἠδίκηκας·
593 1524 643 1581 εἶτ’
662 1528 703 1588 εἰς
721 1524 770 1582 τὸν
788 1523 831 1580 Δί’
850 1525 1063 1597 ἐπανενεγκεῖν,

279 1611 410 1674 κάκεῖνος
430 1607 467 1674 οἷς
486 1608 575 1684 ἥττων
595 1613 695 1686 ἔρωτός
714 1611 837 1668 ἐστικαὶ
856 1612 1007 1683 γυναικοῖν.

279 1704 371 1754 καίτοι
391 1703 423 1754 cd
441 1697 546 1771 θνητὸς
564 1697 604 1753 οῦν
623 1701 695 1755 θεοῦ
714 1701 771 1762 ποῦς
790 1707 887 1773 μεῖζον
906 1696 942 1754 ἂν
961 1700 1074 1764 dducam

140 1789 175 1854 ld
210 1791 313 1872 ipsum
357 1790 433 1853 facit
465 1789 627 1866 Chaerea,
668 1792 790 1855 iuvenis
821 1790 1071 1865 audacissime,
1114 1790 1146 1852 in
1172 1775 1304 1852 Terentii

141 1891 317 1968 EunuchO,
342 1890 397 1971 qui
420 1908 454 1952 se
475 1889 557 1952 lovis
579 1890 670 1955 furtis
692 1891 734 1955 ad
757 1890 935 1954 vitiandam
959 1889 1116 1970 virginem
1140 1888 1308 1970 impulsum

142 2009 210 2053 esse
232 1990 362 2054 simulat
383 2009 412 2052 v.
435 1989 496 2052 587
508 2009 577 2070 sqq.

553 2085 693 2156 impendio
712 2087 800 2156 magis
818 2087 927 2141 animus
942 2084 1084 2156 gaudebat
1102 2083 1172 2138 mihi

247 2173 328 2227 deum
347 2190 403 2228 sese
420 2173 449 2226 in
468 2173 606 2228 hominem
626 2174 791 2229 convortisse
810 2177 894 2243 atque
912 2173 941 2227 in
959 2173 1062 2228 alienas
1080 2174 1188 2243 tegulas

247 2259 349 2315 venisse
367 2259 521 2314 clanculum
538 2277 587 2330 per
605 2261 768 2331 impluvium
787 2263 879 2316 fucum
898 2261 1008 2316 factum¹
1020 2259 1140 2315 mulieri.

245 2350 276 2402 at
294 2363 376 2416 quem
395 2346 490 2402 deumi
515 2347 561 2415 qui
580 2349 686 2418 templa
703 2348 772 2403 caeli
790 2366 898 2403 summa
915 2347 1007 2402 sonitu
1025 2347 1156 2402 concutit.

245 2451 296 2504 ego
314 2434 366 2488 hoc
383 2433 529 2489 homuncio
548 2451 604 2488 non
622 2436 762 2490 facerem?
787 2453 838 2505 ego
856 2435 925 2490 illud
945 2451 1009 2489 vero
1027 2434 1069 2489 ita
1087 2453 1120 2490 ac
1137 2435 1240 2489 lubens.

143 2523 247 2588 Etiam
273 2522 459 2604 Propertius
490 2526 522 2586 et
544 2523 677 2588 Ovidius
707 2528 739 2588 et
770 2525 976 2606 anthologiae
999 2524 1168 2589 Palatinae
1199 2514 1341 2605 poetae

143 2625 271 2706 putant,
295 2623 383 2705 quod
403 2622 468 2685 lovi
490 2623 594 2702 liceat,
617 2625 676 2688 sibi
699 2645 763 2689 non
786 2625 970 2707 improbum
993 2644 1080 2688 esse:

178 2730 259 2800 Prop.
278 2729 318 2782 111
336 2729 377 2791 ll,
388 2729 420 2782 27
430 2746 469 2796 sq.

253 2833 319 2869 num
338 2814 404 2884 quid
422 2831 473 2884 ego
491 2814 597 2882 heroas,
615 2814 681 2883 quid
702 2818 809 2885 raptem
827 2815 856 2868 in
875 2814 993 2869 crimina
1008 2814 1107 2868 divos?

347 2901 471 2972 luppiter
489 2901 608 2956 infamat
626 2919 706 2971 seque
725 2918 857 2971 suamque
875 2901 995 2956 domum.

180 2997 258 3052 Oviu.
278 2995 383 3050 heroid.
403 2994 440 3047 lV
463 2996 511 3048 133
521 3013 559 3065 sq.

250 3082 373 3154 luppiter
391 3100 447 3137 esse
464 3083 542 3152 pium
560 3083 667 3148 statuit,
687 3083 877 3152 quodcumque
896 3081 1012 3151 iuvaret,

342 3173 371 3224 et
389 3171 430 3224 fas
451 3186 532 3226 omne
551 3170 618 3224 facit
635 3171 722 3225 fratre
740 3170 842 3225 marita
856 3186 939 3224 soror.

181 3256 356 3327 Asclepiades
373 3256 459 3328 epigr.
479 3258 583 3313 anthol.
604 3257 661 3312 Pal.
681 3259 705 3312 V
723 3258 791 3322 64,5

250 3343 325 3398 ἕλκει
342 3339 397 3418 γὰρ
415 3340 446 3416 μ’
467 3340 481 3396 o‘
500 3344 610 3417 κρατοῦν
629 3347 675 3398 καὶ
693 3344 743 3398 σοῦ
762 3344 846 3410 θεός,
872 3331 894 3418 ᾧ
912 3364 980 3399 ποτε
997 3346 1136 3406 πεισθείς,

342 3431 409 3498 Ζεῦ,
429 3428 475 3485 διὰ
490 3433 631 3504 χαλκείων
645 3428 747 3506 χρυσὸς
766 3432 828 3493 ἕδος
847 3432 992 3506 θαλάμων.

181 3519 317 3590 Meleager
336 3519 441 3574 anthol.
461 3520 518 3575 Pal.
539 3521 592 3574 Xll
614 3520 697 3583 101,5

608 3608 672 3676 φίλε
689 3605 784 3681 κοῦρε,
804 3610 829 3660 τί
848 3613 982 3680 &appetu

342 3690 474 3748 κοντὸν(
475 3689 513 3747 i’n
535 3696 681 3766 Οὐλύμπου
700 3695 777 3766 Ζῆνα
798 3697 934 3749 καθεῖλεν
948 3693 1042 3767 Ἔρως.

148 3783 277 3848 Addere
299 3782 374 3847 licet
361 3787 453 3848 an
440 3783 519 3847 hol
542 3783 610 3848 Pal.
635 3784 763 3859 th03
784 3784 905 3848 anthol
927 3746 1345 3858 Pal.xl1117,anrh0¹

148 3883 716 3961 rauxu1u15;ncuur.uau15‚u
758 3884 802 3949 uf.
822 3882 909 3958 ouo,
932 3885 1008 3948 uer
994 3883 1091 3947 anu
1104 3882 1200 3964 prop
1212 3883 1278 3963 up.
1305 3852 1348 3923 ὅ·

230 3983 289 4046 Vix
321 4003 403 4065 opus
435 3987 481 4047 est
512 3983 552 4046 de
583 3984 733 4047 iuvenum
764 3984 1024 4049 excusationibus
1055 3984 1197 4064 proferre
1218 3983 1343 4065 plur&

148 4104 249 4167 quare
269 4083 366 4149 aliam
385 4083 427 4148 ad
446 4103 514 4148 rem
531 4102 589 4147 nos
608 4087 843 4147 convertamus.
884 4083 964 4149 Cum
986 4103 1079 4149 amor
1101 4088 1168 4149 tarn
1184 4075 1342 4166 graviter
