2910 4920
622 342 828 405 ..73-

152 517 337 616 tlongruunt
368 518 484 583 deinde
513 540 585 584 cum
610 520 807 585 Callimacho
829 522 987 602 Meleager
1016 521 1315 597 anth01.v190,4

148 619 166 698 ρ’
199 615 285 680 πάλι
313 620 375 700 τήν
406 621 571 703 τρυφερὴν
601 619 749 684 Σκύλλαν
779 618 1004 708 ἐποψόμεθα,
1043 626 1075 685 et
1102 621 1314 685 Philostratus

146 737 191 799 ep.
213 719 258 782 50
290 717 390 790 ἕλκεις
418 740 460 798 με
488 718 558 781 cino*
588 715 655 782 τῶν
684 717 845 800 ὀμμάτων
873 720 927 781 καὶ
959 717 1065 800 σύρεις
1093 719 1138 802 μή
1160 721 1313 799 θέλοντα,

143 815 260 897 ὥσπερ
290 816 369 889 τούς
398 817 557 891 πλέοντας
577 818 598 901 q‘
621 816 789 900 Χάρυβδις
819 818 995 901 ἄνεῤῥόιιει
1023 840 1088 902 eqS.
1138 821 1168 883 A
1197 821 1314 901 qulbus

140 936 205 980 non
229 916 370 980 multum
392 917 553 981 diversum
576 922 640 996 est,
670 919 757 1001 quod
786 922 892 982 scorta
914 931 987 982 cum
1010 919 1146 984 navibus
1175 921 1313 1002 praeda·

141 1017 234 1080 toriis
248 1014 468 1080 conferuntur.
511 1018 563 1080 Sic
574 1022 684 1081 monet
695 1038 805 1081 servus
820 1018 851 1081 in
864 1018 967 1082 Plaut.
983 1019 1181 1083 Menaechm.
1195 1020 1256 1084 344
1265 1039 1312 1101 sq.

338 1115 458 1168 nuncin
476 1115 544 1171 istoc
561 1119 645 1187 portu
664 1119 719 1170 stat
738 1117 815 1170 navis
833 1116 1015 1187 praedatoria,

337 1218 385 1271 aps
403 1219 459 1271 qua
477 1203 628 1258 cavendum
648 1202 726 1256 nobis
744 1221 809 1258 sane
827 1219 930 1258 censeo,

137 1292 321 1371 Postquam
346 1309 422 1353 vero
444 1290 592 1355 dominus
615 1291 657 1354 ad
676 1310 748 1355 eam
766 1291 897 1369 introiit,
920 1291 1079 1356 exclamat
1093 1293 1195 1356 veta
1215 1292 1314 1357 ‘ducit

137 1390 288 1454 lembum
318 1389 494 1453 dierectum
524 1391 615 1454 navis
646 1391 871 1472 praedatoria’.
931 1391 1052 1456 Similia
1080 1397 1250 1456 occurrunt
1281 1393 1312 1456 in

137 1489 352 1569 anthologiae
373 1488 540 1553 Palatinae
562 1490 700 1566 lusibus,
732 1510 807 1554 nam
838 1493 871 1553 in
893 1491 1008 1576 Hedyli
1029 1492 1079 1555 vel
1101 1491 1313 1572 Asclepiadae

137 1590 380 1672 epigrammate
402 1589 523 1653 anthol.
545 1590 612 1654 Pal.
632 1590 659 1651 V·
683 1592 847 1672 161‚5sq.
870 1590 1004 1671 legimus

338 1681 405 1739 ἀλλὰ
422 1682 473 1740 σὺν
490 1682 589 1747 eisaie
608 1689 688 1757 νηυσὶ
706 1685 740 1740 τὰ
759 1684 892 1763 λῃστρικὰ
912 1687 960 1759 τῆς
977 1684 1132 1763 Ἀφροδίτης

389 1769 519 1842 φεύγετε,
550 1773 698 1846 Σειρήνων
716 1775 776 1828 αἵδε
796 1771 850 1847 γὰρ
870 1772 1046 1847 ε’χθρότεραι,

172 1863 202 1915 et
221 1859 252 1913 in
270 1857 365 1912 Rufini
380 1857 484 1914 anthol.
503 1858 560 1913 Pal.
581 1859 605 1912 V
622 1858 656 1912 43

337 1943 468 2015 Δέμβιον,
487 1939 504 2016 ἡ
523 1941 551 1997 d⁹
569 1944 650 2018 ἑτέρα
672 1945 857 2018 Κερκούριον,
878 1947 907 1998 ot
925 1941 967 1999 δι”
987 1944 1096 2017 ἑταῖραι

389 2031 450 2084 αἰὲν
467 2028 639 2104 ε’φορμοῦσιν
659 2031 696 2104 τῷ
715 2031 830 2104 Σαμίων
849 2032 951 2102 λιμένι.
991 2053 992 2057 ’

336 2113 413 2184 titt,
432 2117 500 2182 νέοι,
519 2118 644 2189 πανδημὶ
662 2113 695 2170 τὰ
715 2113 849 2192 λῃστρικὰ
870 2117 918 2189 τῆς
938 2113 1091 2190 Ἀφροδίτης

388 2200 516 2274 φαίνεθ’.
544 2199 558 2256 o‘
577 2202 713 2276 συμμίξας
733 2206 779 2256 καὶ
798 2198 918 2263 καταδὺς
935 2206 1038 2256 πίεται.
1115 2268 1118 2275 ¹

224 2303 291 2367 Res
309 2302 378 2382 ipsa
393 2321 444 2364 me
460 2301 556 2378 ducit,
575 2305 610 2364 ut
628 2300 696 2363 illos
713 2300 800 2364 locos
817 2299 1001 2380 adiungam,
1019 2299 1136 2381 quibus
1153 2299 1264 2362 comici
1282 2304 1313 2362 et

138 2402 276 2484 elegiaci
300 2404 415 2483 poetae
437 2403 657 2483 quaestum
679 2398 963 2463 meretricium
988 2418 1074 2462 curn
1096 2399 1313 2480 piscatura

137 2503 208 2567 vel
230 2501 416 2582 aucupio
434 2505 687 2582 comparant.
731 2500 909 2581 Perspicias
931 2499 1027 2579 igitur
1046 2498 1127 2562 haec
1148 2499 1309 2580 exempla:

136 2603 246 2666 Plaut.
271 2600 360 2663 Asin.
384 2601 443 2664 178
460 2619 529 2682 sqq.
551 2599 652 2681 ‘quasi
672 2600 776 2681 piscis
801 2600 941 2663 itidemst
963 2603 1090 2662 amator
1112 2599 1213 2663 lenae'
1236 2619 1312 2681 eqs.,

139 2701 248 2764 Plaut.
264 2699 415 2763 Bacchid.
431 2698 489 2763 102
517 2699 666 2780 ‘piscatus
689 2719 761 2762 meo
783 2699 912 2780 quidem
935 2699 1043 2762 animo
1065 2697 1117 2761 hic
1140 2698 1195 2763 tibi
1218 2699 1313 2763 hodie

142 2800 253 2863 evenit
274 2799 394 2876 bonus,
417 2799 545 2862 Trucul.
570 2800 610 2862 34
623 2819 693 2881 sqq.

335 2900 463 2966 temptat,
482 2895 652 2966 benignusne
670 2915 707 2950 an
725 2897 813 2951 bonae
831 2894 907 2963 frugi
925 2894 989 2948 sies:

335 2983 413 3052 quasi
431 2983 460 3036 iu
479 2981 612 3052 piscinam
631 2987 689 3037 rete
707 2984 754 3051 qui
773 2983 892 3036 iaculum
910 2984 992 3050 parat
1010 2998 1065 3049 eqs.

140 3072 239 3137 Tales
260 3071 438 3135 sententiae
460 3071 639 3152 permultae
662 3070 845 3150 investigari
872 3072 1006 3151 possunt
1028 3069 1060 3130 in
1084 3068 1180 3148 elegis
1190 3067 1311 3130 Roma-

140 3191 261 3236 norum
291 3175 322 3234 et
349 3171 381 3235 in
412 3170 597 3250 anthologia
625 3170 786 3233 Palatina.
829 3169 921 3232 Velut
944 3168 1036 3231 Ovid.
1068 3187 1168 3231 amor.
1192 3166 1204 3228 l
1226 3168 1255 3236 8,
1274 3167 1314 3229 69

139 3270 284 3353 ‘parcius
306 3270 422 3350 exigito
444 3271 592 3352 pretium,
625 3270 700 3333 dum
724 3271 804 3333 retia
827 3268 955 3348 tendis'3
987 3267 1079 3330 Ovid.
1102 3271 1161 3330 art.
1183 3266 1230 3329 lll
1253 3267 1314 3328 554

140 3373 259 3436 ‘novus
281 3370 348 3434 viso
372 3390 460 3434 casse
482 3371 605 3434 resistet
628 3370 759 3434 amans‘.

180 3468 263 3537 Prop.
283 3470 306 3522 ll
325 3468 366 3530 32,
378 3469 410 3521 19
419 3486 459 3536 sq.

337 3555 377 3609 nil
393 3554 461 3625 agis,
480 3553 591 3608 insidias
609 3554 638 3607 in
656 3571 701 3608 me
716 3553 856 3622 componis
873 3554 976 3619 inanes,

390 3639 481 3695 tendis
500 3641 573 3695 iners
591 3640 671 3694 docto
691 3641 762 3694 retia
781 3642 849 3692 nota
867 3637 943 3692 mihi.
955 3640 975 3706 ¹)

180 3728 261 3784 Ovrd.
280 3731 331 3782 art.
350 3727 505 3795 111425sq.
551 3811 659 3863 semper
677 3793 730 3846 tibi
748 3793 867 3863 pendeat
885 3792 992 3854 hamus,

340 3897 394 3949 quo
412 3880 526 3935 minime
544 3880 631 3935 credis
650 3880 768 3949 gurgite,
788 3878 868 3947 piscis
887 3877 948 3932 erit.

143 3980 342 3988 —..-.-.-—..-

221 4016 248 4083 1>
269 4016 309 4068 ef.
329 4014 448 4084 Belling.
469 4014 567 4069 Tibull.
593 4033 619 4084 p.
639 4014 698 4068 361.
737 4015 862 4068 Ceterum
885 4012 1046 4078 cavendum,
1074 4031 1109 4066 ne
1128 3990 1263 4080 Bellingio
1282 4013 1323 4066 ni·

143 4104 236 4157 mium
256 4102 362 4165 credas,
392 4118 454 4155 cum
476 4102 662 4156 Romanorum
687 4101 768 4154 modo
787 4099 920 4168 elegiacos
938 4098 1010 4153 inter
1029 4115 1056 4152 se
1075 4103 1214 4166 comparet
1232 4117 1320 4168 neque

143 4192 268 4245 Graecos
286 4195 409 4244 auctores
427 4187 493 4242 satis
510 4187 645 4256 respiciat.
