2910 4920
712 315 895 377 ..g-

302 492 350 556 Ac
372 492 511 573 primum
535 489 680 571 quidem,
711 495 747 554 ut
769 493 889 556 Aratus
918 493 959 555 ab
982 493 1058 554 Iove
1080 489 1139 553 sibi
1170 490 1393 570 incipiendum

219 595 329 673 putat,
361 592 406 656 sic
441 590 518 664 mihi
551 589 591 653 de
622 609 732 654 amore
761 592 964 672 disputatum
995 592 1054 655 rite
1085 610 1104 653 a
1134 591 1209 653 deo
1240 593 1395 651 Amore

220 689 347 753 initium
382 690 574 771 capiendum
607 690 656 752 sit.
707 690 803 754 Hunc
836 691 919 753 enim
952 696 1066 771 poetae
1098 690 1209 752 comici
1243 688 1395 752 omnium

221 789 356 853 deorum
369 788 635 870 ,potentissimum
653 809 730 866 esse,
752 792 803 853 cui
824 809 929 871 neque
950 790 1000 853 dei
1023 810 1127 870 neque
1149 788 1296 851 homines
1318 806 1396 848 nm-

221 908 319 970 quam
332 889 477 952 resistere
487 888 620 970 possint,
636 889 809 952 affirmant.
851 890 912 953 Sed
924 909 996 952 cum
1010 889 1138 952 Amoris
1150 888 1395 969 descriptiones,

222 1007 306 1069 quae
336 989 429 1052 nobis
457 988 491 1051 in
517 988 689 1051 comoediis
719 993 908 1065 occurrunt,
941 988 1029 1051 haud
1051 1007 1125 1051 raro
1156 1008 1194 1050 ex
1219 984 1397 1065 tragoediis

222 1088 418 1151 Graecorum
448 1088 589 1169 pendere
620 1087 805 1166 videantur,
835 1108 956 1170 paucos
982 1089 1177 1169 tragicorum
1201 1087 1305 1162 locos,
1337 1086 1395 1166 qui

221 1186 285 1250 buc
307 1186 500 1268 pertineant,
523 1187 740 1267 praemittam.
756 1187 779 1266 ¹)
822 1188 989 1269 Euripides
1011 1188 1106 1268 igitur
1128 1188 1204 1250 dicit
1227 1188 1258 1249 in
1281 1188 1398 1265 Auges

222 1287 403 1366 fragmento
425 1286 496 1363 969,
517 1285 631 1350 Nauck
652 1287 702 1350 ed.
724 1287 743 1350 9
766 1307 796 1368 ρ.
818 1288 897 1351 438ε

439 1381 546 1456 Ἔρωτα
565 1380 594 1436 δ’
612 1378 688 1444 ὅστις
704 1380 744 1456 μὴ
764 1380 836 1438 θεὸν
854 1387 944 1458 κρίνει
962 1384 1056 1455 μέγαν

443 1470 563 1524 καὶτῶν
582 1463 710 1524 ἁπάντων
729 1471 866 1544 δαιμόνων
884 1465 1049 1543 ὑπέρτατον,

443 1550 460 1627 ἢ
479 1558 574 1616 σκαιός
592 1554 669 1610 ἐστιν
689 1553 705 1627 ἢ
724 1556 831 1611 rusticiu
851 1555 967 1631 ἄπειρος
985 1554 1030 1623 ὧν,

445 1644 494 1695 οὐκ
515 1639 573 1696 οἶδε
593 1638 641 1696 τὸν
658 1642 793 1715 μέγιστον
811 1639 974 1718 α’νθρώποις
993 1647 1069 1699 θεόν,

223 1727 315 1804 Quae
347 1729 446 1793 verba
480 1729 653 1811 Euripidis,
687 1733 765 1814 quin
797 1733 919 1796 cenrico
951 1734 1078 1796 cuidam
1114 1732 1252 1808 Graeco,
1294 1750 1399 1812 quem

225 1826 383 1892 Caecilius
411 1829 532 1893 Statius
555 1831 724 1911 expressit,
755 1837 830 1895 ante
859 1833 968 1895 ocutos
990 1837 1117 1896 versata
1140 1832 1219 1910 sint,
1251 1830 1401 1893 dubitari

224 1945 290 1989 non
312 1931 426 2008 potest,
448 1947 520 1992 cum
544 1929 632 2010 apud
648 1929 833 1995 Ciceronem
847 1931 939 1995 Tusc.
953 1931 1032 2013 disp.
1046 1931 1095 2009 IV,
1108 1932 1157 2012 39,
1170 1933 1210 1996 68
1225 1931 1401 2009 (Ribbeck,

227 2045 307 2090 com.
332 2027 427 2092 Rom.
457 2029 516 2110 trg.
545 2031 634 2094 ed.3
666 2033 757 2112 p.,88
788 2051 817 2095 ν.
842 2033 903 2095 959
924 2022 1013 2113 sqq.)
1046 2033 1189 2112 legamus
1218 2031 1402 2095 Caecilium

226 2127 404 2208 scripsisse:

376 2225 527 2294 (Amorem)
547 2227 627 2281 deum
646 2227 768 2296 quinon
786 2245 922 2282 summum
941 2232 1027 2300 putet,

379 2315 428 2367 aut
446 2313 563 2367 stultum
581 2317 631 2367 aut
647 2331 739 2368 rerum
757 2332 814 2370 esse
831 2315 991 2385 imperitum
1010 2300 1180 2369 existumem.

227 2407 350 2484 Quibus
372 2411 447 2489 apte
470 2408 646 2489 adiungas:

260 2504 406 2559 Menandri
424 2505 476 2574 frg.
496 2505 560 2570 235,
586 2505 663 2559 Koclr
680 2506 718 2559 HI
736 2525 763 2576 p.
782 2506 814 2559 67

449 2587 500 2645 εἶτ’
521 2587 554 2645 οὗ
570 2590 703 2665 μέγιστός
722 2589 781 2646 ἐστι
800 2590 856 2644 τῶν
875 2589 951 2644 θεῶν
965 2587 1059 2662 Ἔρως,

448 2679 495 2730 καὶ
513 2675 680 2749 τιμιώτατός
698 2698 733 2748 ys
752 2677 806 2731 τῶν
822 2675 935 2731 πάντων
952 2678 1036 2740 πολὺ;

449 2759 540 2823 οὐδεὶς
557 2757 612 2838 γάρ
633 2758 718 2824 οὕτως
737 2761 795 2818 ἐστὶ
813 2759 947 2831 φειδωλὸς
965 2762 1068 2833 σφόδρα

450 2845 601 2922 ἄνθρωπος
622 2845 687 2904 odd'
705 2847 791 2910 οὕτως
810 2845 926 2923 ἄκριβὴς
944 2844 1008 2908 τοὺς
1025 2847 1154 2923 τρόπους,

450 2929 480 2994 ὃς
499 2931 559 3007 origi
577 2933 664 3010 τούτῳ
681 2937 784 3010 μερίδα
804 2935 840 3009 τῷ
859 2935 918 3008 θεῷ
936 2926 1016 3008 Ινέμει

450 3040 499 3093 της
518 3024 619 3082 θυσίας.

229 3119 258 3170 et
276 3115 329 3186 frg.
346 3115 406 3180 449,
424 3116 457 3170 K.
476 3117 514 3170 111
533 3135 560 3186 p.
580 3118 630 3172 129

728 3181 814 3255 Ἔρως
832 3183 862 3236 δὲ
881 3184 935 3237 τῶν
954 3183 1030 3238 θεῶν

450 3266 527 3344 ἰσχὺν
546 3267 614 3342 ἔχων
630 3271 762 3341 πλείστην
781 3268 826 3324 ἐπὶ
846 3269 944 3324 τούτου
962 3271 1120 3324 δείκνυται·
1145 3283 1147 3287 ’

450 3353 494 3411 διὰ
515 3357 614 3410 τοῦτον
632 3354 811 3430 ἐπιορκοῦσιν
830 3352 893 3416 τοὺς
912 3354 1010 3417 ἄλλους
1028 3355 1122 3416 θεοὺς.

231 3440 357 3509 Amori
373 3448 481 3508 autem
510 3463 575 3507 non
605 3445 708 3508 solum
738 3464 849 3508 omnes
871 3445 951 3508 alios
973 3446 1065 3523 deos,
1095 3444 1271 3508 sedetiam
1293 3445 1410 3507 Iovem

234 3545 349 3626 ipsum,
372 3543 506 3606 deorum
524 3547 622 3623 atque
640 3544 806 3607 hominum
823 3548 991 3622 rectorem,
1012 3544 1189 3607 subiectum
1206 3561 1276 3605 esse
1289 3543 1412 3623 tragici

231 3648 347 3726 poetae
381 3643 600 3725 compluribus
628 3643 705 3707 locis
734 3644 986 3723 contendunt‚2)
1015 3648 1051 3707 ut
1081 3631 1254 3724 Sophocles
1285 3643 1410 3707 Trach.

302 3791 328 3854 l)
349 3790 393 3844 Ad
411 3789 560 3844 testimona
578 3792 671 3844 autem
691 3789 843 3858 colligenda
861 3807 904 3843 me
924 3807 1132 3858 nonnumquam
1143 3807 1229 3855 ,usum
1246 3805 1305 3843 esse
1324 3790 1413 3860 copiis

234 3877 420 3946 exemplorum
436 3895 452 3930 a
466 3876 563 3939 Leone,
585 3875 721 3944 Dilthey0,
738 3877 999 3944 bendictionem,
1016 3875 1202 3943 Hertzbergio,
1221 3873 1412 3935 Rotbsteinio,

232 3960 295 4015 aliis
313 3962 447 4029 congestis
467 3960 512 4014 hie
529 3963 611 4015 semel
629 3951 773 4032 profiteor,
800 3981 834 4016 ne
849 3963 918 4016 mihi
938 3981 986 4015 suo
1005 3979 1113 4030 quoqne
1131 3963 1189 4014 loeo
1207 3977 1318 4029 semper
1339 3961 1411 4014 indi·

233 4048 350 4102 candum
371 4047 414 4101 sit.
463 4078 467 4086 .
995 4095 997 4098 .

302 4136 329 4204 2)
350 4135 388 4189 uf.
411 4134 577 4198 Kalkmann,
598 4136 637 4188 De
659 4133 817 4202 Hippolytis
835 4131 997 4203 Euripideis,
1017 4133 1128 4185 Bnnnae
1148 4129 1223 4199 1882,
1242 4147 1271 4199 p.
1292 4130 1329 4183 12
1348 4149 1388 4199 sq.
