2910 4920
534 359 572 367 ..
614 323 738 386 43...

136 503 208 579 Sed,
231 523 272 566 ne
293 501 414 566 diutius
434 502 467 566 in
488 522 522 566 re
547 502 612 566 iam
634 501 731 584 plane
752 502 802 565 vel
822 522 882 584 pro
904 495 1058 567 facultate
1079 501 1219 585 probata

52 609 85 668 te
110 605 269 681 demorer,
292 622 377 666 nunc
396 603 541 667 animum
557 604 708 667 advertas
727 603 769 667 ad
781 623 836 669 eos
851 607 1052 682 amantes,
1070 602 1221 685 quibus

52 707 176 770 Amor
214 723 357 768 amara
389 704 475 782 dat,
517 703 557 767 de
588 704 704 786 quibus
733 704 834 768 haud'
856 704 1220 786 paucaproterendum

53 806 158 870 video
197 804 246 868 Ac
265 804 406 886 primum
422 803 551 886 quidem
570 823 709 868 amore
726 807 939 886 tamquam
957 803 1075 886 gravi
1096 807 1222 886 atque

53 903 292 971 vehementi
316 904 455 968 morbo
478 904 779 984 adflictantur,
809 905 852 970 ad
874 924 971 988 quem
997 904 1221 988 depellendum

53 1027 95 1071 ne
117 1025 219 1071 unum
243 1005 374 1086 quidem
395 1005 572 1068 remedium
593 1005 688 1070 valet.
729 1006 796 1070 lam
812 1006 927 1071 iterum
945 1025 1047 1088 usque
1067 1005 1108 1070 ad
1124 1004 1223 1086 tragi-

55 1128 112 1172 cos
134 1109 249 1190 poetas
270 1124 474 1169 recurramus
501 1109 644 1187 oportet,
674 1106 794 1188 quippe
822 1106 876 1188 qui
907 1105 1147 1189 comparatione
1170 1104 1224 1168 illa

53 1208 176 1274 amoris
198 1226 270 1270 curn
293 1206 408 1270 morbo
431 1206 520 1270 haud
542 1226 617 1270 raro
638 1210 780 1284 utantur,
793 1207 817 1285 ¹)
850 1207 936 1272 velut
958 1206 1125 1288 Euripides
1145 1205 1225 1287 Hip-

52 1310 154 1393 polyt.
178 1308 238 1371 765
249 1327 296 1388 sq.

256 1403 336 1475 δεινᾷ
356 1405 461 1476 φρένας
478 1400 583 1476 Ἀφροδί
607 1436 633 1444 -

258 1510 307 1552 τας
324 1493 393 1544 νόσω
412 1493 597 1563 κατεκλάσθη.

90 1585 175 1654 frgm.
194 1585 253 1648 339,
273 1584 306 1638 N.
325 1604 351 1656 p.
370 1585 422 1639 462

450 1671 496 1724 καὶ
515 1666 571 1743 γὰρ
590 1664 641 1724 οὔκ
659 1671 826 1743 αὐθαίρετοι

257 1766 371 1834 βρωτοῖς
389 1757 490 1830 ἔρωτες
507 1752 571 1810 οὐδ’
590 1755 703 1810 ἑκουσία
722 1759 808 1817 νόσος.

256 1849 354 1900 σκαιὸν
372 1864 399 1898 τι
418 1840 450 1916 δὴ
471 1839 501 1896 τὸ
516 1841 611 1915 χρῆμα
630 1844 783 1911 γίγνεσθαι
802 1846 886 1910 φιλεῖ,

259 1931 335 1987 θεῶν
353 1928 481 2001 ἀνάγκας
499 1924 572 1990 ὅστις
591 1929 690 1983 ἰᾶσθαι
709 1932 796 1984 θέλει.

56 2022 224 2104 Hippolyt.
236 2021 287 2098 41),
300 2020 370 2098 969,
382 2020 453 2098 979,
465 2019 536 2097 983,
549 2018 626 2098 73ος
648 2018 822 2101 Sophocles
833 2019 949 2084 Trach.
962 2019 1040 2096 mm
1058 2019 1229 2083 Phaedrae

56 2124 120 2204 frg.
144 2122 214 2198 619,
235 2142 267 2204 p.
289 2121 350 2185 969
371 2119 409 2183 Ν.

56 2225 245 2306 Sequuntur
285 2220 398 2285 comici
438 2223 570 2302 poetae,
608 2219 663 2301 qui
702 2219 815 2283 eodem
858 2219 923 2283 fere
956 2220 1054 2284 modo
1085 2238 1229 2284 amorem

57 2324 214 2390 morbum
236 2324 370 2387 vocant:

97 2428 198 2484 Eubul.
217 2427 269 2499 frg.
288 2426 356 2495 67,8
370 2442 409 2494 sq.
429 2425 461 2478 K.
480 2426 503 2478 ll
522 2442 548 2493 p.
569 2425 618 2479 187

264 2508 367 2584 καὶμὴ
384 2512 525 2584 λαθραίαν
546 2513 668 2584 Κύπριν,
688 2510 828 2582 αἰσχίστην
847 2512 933 2565 νόσων

263 2598 366 2663 πασῶν,
385 2595 498 2652 διώκειν
518 2615 573 2667 eqs.

102 2687 193 2742 Plaut.
211 2685 317 2741 Omcul.
335 2687 370 2740 49

265 2773 352 2827 malus
370 2771 554 2827 clandestinus
573 2773 615 2826 est
632 2787 717 2841 amor,
736 2773 895 2827 damnumst
914 2788 1030 2834 merum,

102 2857 354 2933 Terentssunuolr.
373 2859 425 2913 225

267 2943 296 2997 di
314 2931 388 3013 boni,
408 2943 474 3013 quid
491 2943 543 2998 hoc
560 2943 692 2998 morbist?
720 2943 808 2998 adeon
826 2942 951 2998 homines
970 2941 1143 2997 immutarier

269 3048 304 3085 ex
320 3046 421 3093 amore,
441 3032 546 3084 utnon
564 3046 709 3100 cognoscas
727 3031 844 3084 eundem
862 3046 927 3085 esse.

70 3115 118 3180 Cf.
141 3114 245 3179 Plaut.
268 3112 331 3181 Mil.
356 3117 445 3194 1979,
468 3117 596 3181 Terent.
620 3108 735 3180 Heaut.
761 3118 829 3194 100,
852 3117 953 3180 Andr.
981 3116 1049 3180 193.

73 3213 193 3277 Similia
217 3213 333 3279 deinde
363 3216 545 3298 frequenter
575 3216 662 3298 apud
685 3216 816 3280 Latinos
839 3219 870 3280 et
892 3215 1031 3280 Graecos
1054 3213 1245 3277 Alexandri-

73 3333 190 3377 norum
217 3313 394 3380 imitatores
415 3316 638 3380 inveniuntur:
698 3350 700 3354 ·

110 3412 212 3467 Catuli.
231 3412 342 3469 LXXVI
359 3417 391 3470 25

272 3501 330 3570 ipse
348 3502 438 3556 valere
458 3503 524 3570 opto
543 3505 572 3556 et
590 3502 713 3556 taetrum
731 3498 804 3553 hunc
823 3498 957 3568 deponere
976 3495 1109 3552 morbum.

118 3591 140 3642 T
142 3590 218 3644 ibull.
235 3589 262 3641 ΙΙ
281 3587 417 3657 5,109sq.
566 3670 572 3681 ι
804 3667 810 3679 .

564 3687 639 3725 1aoeo
657 3687 720 3724 cum
738 3685 844 3723 saucius
863 3683 966 3722 annum

376 3763 404 3814 et
423 3758 503 3813 faveo
524 3757 629 3818 morbo,
646 3774 707 3810 cum
726 3756 805 3809 iuvat
823 3755 880 3824 ipae
898 3753 982 3808 dolor.

114 3848 192 3903 Ovid.
213 3845 314 3910 remed.
334 3845 366 3899 81
392 3893 396 3902 .

283 3932 417 4002 opprime,
437 3931 502 3985 dum
523 3946 595 3982 nova
612 3928 684 3987 sunt,
703 3922 787 3978 subiti
805 3923 879 3978 mala
895 3922 1001 3976 semina
1019 3919 1115 3975 morbi.
1202 3946 1204 3954 π

87 4056 278 4064 ——.————-

155 4132 181 4202 1)
202 4132 243 4188 ef.
263 4130 428 4198 Kalkmann,
448 4130 487 4184 De
504 4126 662 4198 Hippolytis
681 4123 842 4193 Euripideis,
860 4141 887 4192 p.
906 4122 1005 4189 12sqq.
