2910 4920
547 346 559 369 r
626 312 832 376 -45-

171 490 314 553 Theocrit.
333 488 370 545 id.
390 478 455 544 XIV
474 489 507 543 52
520 507 559 558 sq.

341 569 411 648 χῶτι
433 569 461 628 τὸ
479 577 625 648 φάρμακόν
643 573 719 630 ἐστιν
738 571 944 648 ἅμηχανὲοντος
962 572 1070 648 ἔρωτος,

345 656 396 715 οὔκ
415 657 484 715 οἶδα.

174 754 260 822 Prop.
280 752 303 804 ll
325 753 346 814 l,
360 749 392 802 57
402 767 441 817 sq.

341 834 429 888 omnis
446 835 581 888 humanos
598 836 678 887 sanat
696 831 833 888 medicina
850 832 970 888 dolores:

394 921 465 975 solus
483 937 561 975 amor
579 919 668 973 morbi
685 937 740 976 non
759 920 844 974 habet
861 919 992 978 artificem
1011 937 1066 988 eqs.

173 1009 278 1062 Tibull.
298 1009 322 1061 ll
341 1009 365 1071 3,
380 1007 410 1060 13
420 1024 459 1074 sq.

341 1110 392 1147 nee
408 1091 500 1163 potuit
519 1091 638 1160 (Apollo)
657 1105 735 1144 ouras
753 1106 849 1143 sanare
868 1086 1021 1142 salubribus
1039 1087 1144 1143 herbis:

393 1177 526 1247 quidquid
545 1180 605 1232 erat
623 1177 743 1231 medicae
762 1175 866 1231 vicerat
884 1175 951 1231 artis
972 1176 1063 1229 Amor.

174 1267 256 1322 ovid.
275 1269 388 1321 metam.
406 1266 418 1318 1
437 1264 487 1320 523
497 1282 538 1332 sq.

347 1351 373 1406 ei
391 1350 468 1416 mihi,
488 1349 560 1419 quod
580 1348 663 1403 nullis
681 1363 757 1402 amor
777 1350 817 1402 est
835 1348 965 1403 sanabilis
982 1347 1073 1403 herbis

340 1455 390 1493 neo
411 1439 526 1508 prosunt
545 1434 656 1515 domino
680 1433 823 1503 (Apollini)
845 1452 916 1503 quae
938 1437 1053 1505 prosunt
1069 1435 1195 1492 omuibus
1213 1437 1310 1501 artes¹l

137 1527 256 1610 Neque
294 1527 327 1590 in
363 1526 459 1607 elegis
500 1525 542 1589 ab
573 1523 635 1586 ullo
667 1521 730 1586 alio
771 1522 829 1585 nisi
860 1526 970 1587 amalo
1000 1523 1130 1587 homine
1159 1523 1311 1588 auxilium

138 1632 256 1692 contra
278 1627 397 1691 amoris
418 1625 546 1689 dolores
568 1622 823 1704 exspectandum
846 1626 911 1687 est:

176 1726 256 1780 ovid.
277 1728 388 1781 metam.
408 1723 446 1777 IX
464 1723 514 1778 545
524 1740 564 1792 sq.

621 1813 624 1821 '
817 1807 946 1877 superata
963 1804 1046 1860 fateri

342 1912 425 1966 oogor
443 1912 576 1966 opemque
594 1899 672 1950 tuam
691 1893 796 1949 timidis
814 1910 957 1965 exposcere
974 1893 1052 1948 votis.

342 1986 373 2037 tu
391 2000 498 2038 servare
516 1984 601 2052 potes,
620 1985 652 2036 tu
669 1982 783 2052 perdere
801 1982 872 2036 solus
891 1984 1039 2035 amantem.

178 2072 257 2128 Ovid.
278 2068 383 2126 heroid.
397 2069 472 2138 (XV)
489 2068 536 2123 187

341 2159 373 2210 tu
391 2154 461 2209 mihi
478 2154 614 2211 Leucadia
631 2160 708 2228 potes
725 2175 781 2213 esse
798 2156 932 2213 salubrior
951 2156 1033 2212 unda.

177 2244 220 2299 cf.
239 2243 346 2299 huoret.
363 2241 401 2296 IV
421 2242 487 2296 1078
496 2260 535 2310 sq.

344 2345 467 2397 namque
486 2327 515 2382 in
536 2345 569 2384 eo
589 2344 648 2398 spes
666 2330 716 2392 est,
736 2327 809 2382 unde
826 2331 866 2383 est
884 2327 988 2382 ardoris
1007 2312 1092 2400 origo,

344 2414 478 2486 restingui
498 2430 606 2483 quoque
623 2430 700 2483 posse
719 2413 754 2468 ab
772 2413 867 2468 eodem
886 2431 998 2484 corpore
1015 2416 1164 2471 flammam.

139 2502 268 2580 Quibus
296 2503 455 2584 adiungas
484 2503 542 2567 hos
571 2501 726 2573 inferioris
755 2501 825 2566 aevi
855 2501 1072 2583 sophistarum
1095 2504 1198 2569 locos:
1229 2504 1315 2569 Cha·

140 2603 239 2666 riton.
263 2603 397 2682 V13‚7
431 2599 603 2686 φάρμακον
633 2602 695 2681 yolp
717 2601 826 2680 ἕτερον
840 2596 978 2680 Ἔρωτος
1008 2601 1105 2664 οὐδέν
1136 2603 1207 2666 ἐστι
1228 2605 1316 2690 πλὴν

142 2701 244 2774 αὐτος
267 2700 285 2763 d
298 2700 467 2782 ἐρώμενος.
498 2702 597 2782 Long.
610 2702 641 2765 ll
658 2701 686 2779 7,
698 2701 716 2765 7
730 2696 869 2780 ’Ἑρωτος
882 2701 943 2780 γάρ
958 2700 1056 2764 οὐδὲν
1072 2701 1255 2784 φάρμακον,
1278 2703 1317 2767 ον’

142 2799 341 2881 πινόμενον,
372 2800 431 2863 οὐκ
453 2797 667 2879 ἐσθιόμενον,
697 2799 757 2863 οὐκ
779 2800 815 2861 ἐν
837 2799 937 2881 ᾠδαῖς
958 2801 1169 2882 λαλούμενον,
1198 2800 1249 2866 ὅτι
1270 2804 1316 2887 μή

145 2899 273 2982 φίλημα
294 2900 348 2962 καὶ
372 2898 527 2984 περιβολή
549 2900 603 2962 καὶ
622 2899 873 2980 συγκατακλῖναι
886 2905 1017 2983 γυμνοῖς
1033 2899 1175 2982 σώμασι.
1206 2902 1315 2967 Helio·

145 3001 214 3065 dor.
235 3001 278 3064 IV
301 3001 329 3079 7,
341 3001 382 3065 47
412 3003 558 3083 ζητητέος
580 3019 647 3078 σοι,
670 3001 860 3080 Χαρίκλεις,
894 3001 912 3065 o‘
935 3001 1108 3084 ἰασάμενος
1130 3003 1266 3085 (yeneno
1288 3003 1317 3064 d*

146 3097 188 3162 dr
210 3096 312 3180 μόνος
334 3100 352 3162 ὁ
376 3097 609 3182 ποθούμενος).
653 3099 746 3164 Hane
776 3121 873 3183 porro
906 3103 1100 3167 sententiam
1133 3122 1154 3167 a
1186 3103 1316 3167 comicis

147 3200 263 3274 Atticis
294 3200 447 3265 traditam
479 3200 687 3264 Alexandrini
722 3206 838 3282 poetae
866 3201 998 3283 Telephi
1027 3201 1153 3279 fabula,
1186 3202 1241 3284 qui
1274 3202 1316 3267 ab

149 3300 273 3364 Achille
297 3301 483 3365 vulneratus
506 3301 648 3365 eiusdem
671 3301 785 3364 hastae
807 3302 969 3382 aerugine,
992 3320 1057 3383 qua
1077 3301 1213 3365 afflictus
1235 3305 1314 3380 erat,

148 3405 281 3465 sanatus
311 3403 375 3478 est,
407 3400 564 3464 illustrare
595 3400 758 3480 solebant,
791 3405 826 3464 ut
856 3405 998 3483 praeter.
1017 3400 1191 3465 Malletiurn
1223 3421 1252 3484 p.
1277 3401 1317 3466 28

148 3501 276 3583 copiose
298 3499 531 3565 demonstravit
553 3498 631 3564 Otto
653 3500 693 3564 de
714 3500 830 3565 fabulis
851 3500 1070 3583 Propertianis
1092 3503 1106 3565 Ι
1126 3521 1157 3582 p.
1180 3501 1264 3580 211)

217 3694 242 3762 l)
262 3694 302 3770 Cf.
329 3693 407 3748 Ovid.
432 3693 536 3749 heroid.
555 3694 579 3746 V
601 3695 698 3763 149sq.
725 3694 829 3750 heroid.
856 3695 904 3748 Xll
933 3697 982 3749 165
991 3714 1049 3764 sqq.
1081 3699 1132 3751 nrt.
1152 3696 1177 3748 ll
1196 3696 1248 3751 489
1257 3713 1316 3765 sqq.

148 3781 249 3835 remed.
269 3782 298 3835 91
318 3799 357 3849 sq.
389 3779 490 3836 remed.
511 3781 562 3836 259
577 3798 617 3849 sq.
649 3781 748 3836 remed.
769 3782 819 3835 526
835 3800 893 3851 sqq.
925 3781 1029 3857 anthol,
1052 3782 1107 3836 Pal.
1127 3783 1150 3834 V
1170 3783 1227 3846 116,
1244 3782 1260 3834 3
1278 3801 1317 3851 sq.

150 3866 283 3922 Heliodor.
304 3866 343 3919 lll
363 3868 403 3934 191
415 3867 449 3921 34
468 3885 507 3935 sq.
539 3866 704 3929 Kallrmanm
726 3868 745 3920 l.
760 3867 778 3921 l.
797 3885 824 3937 p.
843 3868 874 3921 17
891 3871 919 3922 et
935 3869 976 3922 94.
1005 3867 1109 3933 Mollet,
1128 3869 1144 3921 l.
1161 3869 1178 3921 l.
1194 3887 1221 3939 p.
1240 3869 1282 3922 27.

215 3953 243 4021 2)
264 3951 316 4017 Qui
334 3952 402 4007 hereo
420 3953 501 4007 affert
519 3955 658 4025 exempla:
685 3955 768 4025 Prop.
789 3955 814 4007 ll
837 3957 858 4024 1,
871 3955 904 4008 63
913 3972 952 4024 sq.
973 3953 1052 4009 Ovid.
1069 3971 1153 4009 amor.
1173 3956 1196 4007 ll
1216 3956 1241 4020 9,
1252 3955 1266 4008 7
1277 3973 1316 4023 sq,

149 4042 258 4093 metam.
280 4038 327 4092 llll
354 4039 404 4093 112
425 4058 463 4107 sq.
495 4041 595 4095 remed.
620 4043 653 4095 47
670 4059 709 4110 sq.
736 4040 839 4095 tristl
865 4043 887 4103 1,
904 4044 937 4095 99
953 4050 992 4109 sq.
1023 4058 1056 4095 ex
1078 4041 1151 4095 Pont
1183 4042 1250 4105 112,
1270 4043 1317 4104 26;

137 4125 251 4197 anthol.
262 4125 319 4179 Pal.
330 4124 354 4179 V
366 4126 424 4186 225,
434 4125 496 4193 5sq.
513 4126 601 4191 V291,
610 4130 640 4191 5;
651 4128 713 4182 alie.
730 4127 807 4180 Adde
815 4126 955 4181 claudian.
966 4143 1049 4181 earm.
1061 4126 1125 4181 min.
1133 4126 1209 4180 XXll
1218 4129 1252 4182 46
1258 4146 1317 4196 sqq.
