2910 4920
589 334 834 411 fibi-

141 514 365 578 Phaedromus
386 512 493 576 lenam
505 510 528 592 ¹)
558 502 617 576 sibi
648 513 724 576 vino
748 512 918 594 propitiam
948 511 1062 590 faciat,
1091 509 1162 573 sive
1194 508 1233 570 ut
1256 503 1303 584 ips

141 632 215 678 cum
238 611 327 676 Delia
350 614 439 693 potet
458 613 491 674 et
512 612 657 676 accubet.
701 611 764 676 Sed
786 628 904 693 magno
927 629 1001 675 cum
1025 609 1139 674 dolore
1163 602 1303 684 intellegi

140 713 223 777 fores
245 711 371 776 clausas
393 714 426 775 et
447 711 505 776 sibi
531 711 647 777 infecta
665 712 847 776 rodomum
865 711 1053 776 abeundum
1075 727 1154 772 esse.
1201 707 1303 785 itaqu

140 831 327 877 reversurus
346 811 435 875 iubet
455 830 583 875 servum
602 811 722 893 potioni
735 811 806 892 plus
829 811 908 876 meri
925 809 1101 885 effundere,
1127 809 1164 870 ut
1184 803 1303 868 fortior«

141 911 258 994 poculo
279 913 408 991 sumpto
441 912 472 974 et
494 911 613 974 amoris
636 910 746 975 dolore
767 911 843 973 vino
872 912 1024 992 superato
1054 905 1142 972 domi
1163 922 1303 968 somnun

146 1030 261 1094 capere
291 1009 399 1091 possit.
461 1009 525 1073 Sed
558 1014 594 1074 nt
632 1010 791 1092 plerisque
819 1008 1020 1073 amatoribus
1055 1007 1156 1071 etiam
1186 1002 1303 1067 Tibulb

142 1109 289 1175 Bacchus
311 1127 376 1171 non
399 1108 576 1172 remedium
600 1108 724 1184 furoris,
747 1108 803 1173 sed
824 1107 915 1189 ‘ignis
936 1107 969 1171 in
987 1105 1061 1187 igne
1083 1104 1161 1168 fuit’.
1205 1103 1303 1181 Quam

142 1210 258 1293 poculo
281 1211 377 1288 epoto
399 1206 440 1270 ad
464 1207 621 1271 maiorem
642 1207 801 1288 cupidinis
822 1207 971 1271 ardorem
994 1202 1185 1279 incenditur,
1210 1202 1256 1265 ita
1278 1221 1303 1264 u

143 1308 317 1393 querellae,
350 1325 434 1388 quae
456 1306 531 1371 inde
553 1326 572 1371 a
593 1326 688 1371 versu
711 1308 729 1370 7
753 1309 948 1388 sequuntur,
970 1303 1095 1368 fundat.
1140 1301 1246 1380 Quam
1270 1321 1303 1363 a«

143 1408 387 1492 explicationem
420 1405 676 1470 confirmandam
706 1407 846 1482 accedit,
879 1404 967 1488 quod
997 1403 1095 1468 etiam
1125 1401 1159 1466 in
1190 1401 1303 1483 reliqm

143 1508 285 1575 carmine
305 1505 433 1587 saepius
454 1525 513 1585 res,
536 1526 620 1588 quae
642 1527 681 1570 ex
703 1507 877 1570 comoediis
890 1505 1047 1586 originem
1064 1503 1198 1576 ducunt,
1222 1517 1303 1564 usur

142 1614 270 1694 pantur.
314 1606 468 1670 Animum
491 1607 576 1670 enim
599 1608 750 1672 advertas
772 1608 814 1672 ad
834 1628 863 1670 v.
880 1607 921 1670 25
938 1626 985 1688 sq.

337 1720 387 1758 nec
405 1703 471 1758 sinit
489 1707 614 1759 occurrat
631 1705 785 1775 quisquam,
805 1705 853 1774 qni
874 1720 989 1774 corpora
1006 1701 1078 1757 ferro

389 1791 512 1845 vulneret
530 1807 562 1845 ac
582 1795 663 1861 rapta
680 1791 805 1861 praemia
823 1792 897 1845 veste
915 1791 1001 1859 petat.

143 1875 238 1940 Tales
266 1881 463 1958 grassatores
491 1877 541 1942 vel
572 1878 658 1943 fures
685 1878 832 1943 nocturni
870 1877 912 1940 ab
942 1873 1127 1939 amantibus
1158 1871 1303 1935 timeutu

143 1976 239 2044 etiarn
262 1977 358 2060 Prop.
380 1979 427 2041 ΙΙΙ
451 1979 589 2060 16,5sq.
612 1983 643 2042 et
665 1978 757 2043 Ovid.
781 1996 880 2042 amor.
900 1975 1069 2055 16‚14sq.
1093 1977 1123 2036 et
1147 1970 1303 2051 Posidipp

142 2076 262 2141 anthol.
285 2076 354 2141 Pal.
379 2077 404 2138 V
428 2079 497 2155 213,
510 2079 528 2139 3
539 2097 586 2159 sq.
886 2107 888 2111 ¹

338 2173 399 2228 εἰπὲ
417 2174 447 2227 δὲ
465 2181 589 2246 σημεῖον,
608 2172 725 2247 μεθύων
743 2167 786 2226 ὅτι
806 2175 853 2226 καὶ
871 2169 917 2226 διὰ
937 2169 1051 2225 κλωπῶν

397 2247 486 2332 ἦλθον
502 2257 602 2333 Ἔρωτι
621 2266 726 2333 θρασεῖ
738 2259 883 2334 χρώμενος
901 2252 1048 2330 ἡγεμόνι.Ἰ

140 2361 235 2527 Quqs3
249 2363 315 2428 iam
334 2365 460 2430 Alexidi
483 2366 605 2429 comico
628 2384 693 2429 non
710 2365 836 2445 ignotos
857 2382 925 2427 esse
940 2363 1034 2427 docet
1054 2362 1113 2441 frg.
1136 2361 1207 2436 107,
1232 2359 1269 2421 Κ.
1283 2358 1303 2420 11

141 2481 171 2543 p.
236 2465 255 2527 3

336 2560 456 2637 καὶγὰρ
476 2562 521 2618 ἐπὶ
540 2564 633 2638 νόμον
652 2566 721 2631 †††
741 2560 897 2637 ἀνθρώπων
916 2559 968 2637 ὁρῶ

336 2648 445 2720 πλῆθος
461 2648 586 2723 προσιόν,
605 2644 642 2710 οἷς
661 2649 716 2703 τῶν
735 2649 826 2703 καλόν
846 2669 876 2703 τε
894 2646 1029 2718 κάγαθῶν

336 2733 441 2791 ἐνθάδε
458 2735 606 2791 συνόντων·
625 2735 664 2808 μὴ
684 2735 797 2807 γένοιτό
815 2757 865 2808 μοι
883 2735 961 2810 μόνῳ

336 2820 444 2894 νόκτωρ
464 2818 621 2894 ἀπαντῆσαι
640 2822 726 2882 καλῶς
748 2820 924 2896 πεπραγόσιν

335 2902 403 2978 όμϊν
420 2909 486 2980 περὶ
508 2903 556 2960 τὸν
574 2908 731 2980 βαλλισμόν.
762 2905 795 2963 oti
814 2905 868 2982 γὰρ
888 2906 923 2962 ἅν
941 2927 1010 2961 ποτε

336 2988 490 3065 θόιμότιον
511 2991 703 3066 ἄπενὲγκαιμι
722 2992 761 3066 μὴ
781 2998 868 3063 φύσας
886 2994 983 3065 πτερά.

139 3084 185 3149 Cf.
205 3085 311 3151 Plauti
332 3087 500 3152 Mercator.
523 3089 583 3154 293
595 3109 641 3171 sq.

756 3187 795 3240 mi
812 3186 842 3240 in
863 3188 984 3240 mentem
1003 3184 1087 3252 venit,

334 3270 392 3327 illic
411 3271 493 3330 homo
512 3274 564 3328 hoc
583 3275 728 3330 daumero
747 3273 805 3328 volt
821 3270 936 3342 pallium
955 3271 1090 3325 detexere.

137 3356 220 3423 Turn
244 3359 403 3425 veneficas
425 3361 535 3426 lunam
559 3363 598 3427 de
628 3363 716 3427 caelo
739 3360 960 3435 detrahenteS‚
991 3376 1130 3439 quarum
1154 3355 1303 3419 auxilium

139 3462 268 3538 praeter
279 3460 441 3526 Tibullum
453 3483 483 3526 v.
495 3463 536 3526 42
551 3483 620 3544 sqq.
639 3461 750 3543 reliqui
768 3479 898 3542 quoque
913 3457 1043 3539 elegiaci
1059 3459 1225 3519 amatores
1244 3474 1303 3517 sae·

137 3558 210 3640 pins
231 3559 456 3642 implorant‚²)
489 3564 555 3628 iam
584 3564 615 3627 in
637 3560 804 3625 Menandri
827 3559 980 3623 Thessala
1012 3557 1045 3620 in
1074 3573 1208 3619 scenam
1239 3573 1303 3635 pro

38 3675 45 3682 ·
139 3658 253 3722 ductas
274 3678 342 3722 esse
363 3663 537 3724 memoriae
559 3662 693 3724 tradidit
716 3660 837 3722 Plinius
859 3657 996 3722 natural.
1018 3655 1092 3718 bisl.
1116 3653 1208 3717 XXX
1227 3655 1256 3716 6.
1284 3655 1301 3715 7

139 3758 194 3840 qui
220 3759 345 3823 scribit:
375 3759 483 3823 ‘miror
506 3761 653 3842 equidem
678 3758 811 3824 Achillis
832 3756 957 3838 populis
986 3756 1105 3818 famam
1129 3753 1198 3816 eius
1221 3752 1303 3831 (artis

136 3889 249 3901 ...a-..—
259 3895 330 3902 -ψ-

174 3978 188 3993 ²
208 3972 233 4038 ll
252 3972 323 4028 Nam
342 3973 449 4029 Deliam
469 3990 577 4044 quoque
594 3990 656 4026 cum
674 3973 725 4026 tali
744 3975 822 4039 lena,
851 3971 938 4039 qualis
959 3969 1032 4024 etin
1054 3968 1216 4022 Curculione
1235 3972 1264 4020 et
1276 3966 1303 4018 ‘ir

135 4057 195 4113 aliie
211 4058 311 4133 fabulis
330 4060 442 4130 ocurrit,
461 4077 519 4114 rem
537 4057 638 4113 habere
657 4058 669 4110 I
689 4059 712 4122 5,
723 4061 756 4113 47
767 4076 824 4126 sqq.
843 4060 938 4127 postea
957 4055 1115 4110 videbimus.

169 4166 172 4190 ι
203 4145 231 4213 2)
249 4145 310 4202 cide
328 4146 405 4202 locos-
417 4146 491 4215 apud
510 4145 612 4198 Mallet.
631 4148 736 4213 quaest.
756 4146 836 4213 Prop.
857 4162 883 4213 p.
903 4143 944 4195 23.
