2910 4920
619 320 823 386 -23-

88 576 91 580 ⁶
222 499 414 582 Ceteroquin
429 500 638 564 Alexandrini
660 502 831 583 scriptores
848 508 1023 584 eorumque
1040 503 1219 567 imitatores
1241 506 1305 568 non

88 642 92 647 „
137 598 244 662 solum
267 620 339 664 cum
363 601 495 677 Venere,
516 600 571 664 sed
595 619 668 663 cum
691 601 839 664 omnihus
861 602 909 665 dis
933 601 1158 684 heroibusque,
1181 603 1236 685 qui
1258 604 1306 668 iu·

139 699 234 762 venili
258 703 290 762 et
308 700 432 764 florenti
450 701 553 763 forma
572 700 799 781 pingebantur,
818 700 955 781 virgines
973 705 1004 765 et
1020 702 1150 765 iuvenes
1165 722 1307 784 aequare

89 877 92 882 .
138 801 303 877 solebant,
334 806 368 864 ut
391 821 409 864 a
431 801 560 864 Rohdio
580 802 759 884 expositum
783 805 830 865 est
857 822 887 882 p.
911 802 968 865 155
982 823 1030 884 sq.
1080 802 1167 865 Idem
1191 802 1307 866 deinde

139 901 288 964 disseruit
310 921 340 982 p.
367 901 424 963 152
442 920 522 981 sqq,
552 901 715 981 quomodo
737 901 779 962 illi
803 904 919 982 poetae
942 901 1105 964 radiantes
1126 901 1306 982 puellarum

141 1002 250 1064 oculos
262 999 459 1082 praedicent,
484 1001 647 1080 quomodo
662 1000 860 1080 singularum
882 1001 1024 1082 corporis
1044 1001 1187 1081 partium
1201 1000 1307 1080 splen-

140 1100 251 1163 dorem
278 1101 309 1162 et
339 1100 474 1162 nitorem
498 1100 737 1163 accuratissime
760 1100 950 1181 depingant,
983 1100 1147 1182 quomodo
1169 1099 1307 1181 denique

142 1201 252 1276 solem,
277 1198 396 1273 lunam,
419 1199 535 1275 stellas,
569 1199 666 1264 ilores,
684 1199 725 1262 ad
750 1199 1002 1281 comparandam
1026 1199 1216 1264 muliebrem
1237 1199 1308 1280 pul·

142 1300 357 1362 chritudinem
382 1303 568 1362 convocent.
612 1299 708 1363 Haud
739 1299 783 1362 ita
812 1299 914 1380 plenis
934 1299 983 1362 vel
1012 1299 1125 1362 vividis
1148 1299 1307 1363 coloribus

140 1401 277 1482 pingunt
297 1398 408 1461 comici
433 1385 556 1478 poetae,
579 1398 636 1461 sed
658 1399 769 1462 talium
790 1398 1039 1479 pulchritudinis
1055 1398 1306 1479 descriptionum

139 1498 315 1581 primordia
345 1501 471 1559 tantum
497 1503 528 1560 et
549 1499 640 1562 initia
663 1503 805 1575 exstant,
836 1519 934 1581 quas,
965 1517 1006 1561 ne
1024 1501 1164 1579 tempus
1193 1502 1305 1575 teram,

139 1596 434 1680 praeternrittanr.¹)
464 1598 586 1661 Tamen
605 1599 685 1661 haec
699 1598 804 1662 Plauti
818 1599 926 1676 verba,
944 1618 1028 1680 quae
1045 1599 1091 1661 de
1112 1597 1306 1661 formosis

139 1698 273 1761 oculis
296 1701 404 1776 agunt,
428 1698 540 1760 eodem
559 1699 624 1761 fere
639 1698 735 1761 modo
752 1699 793 1762 ab
812 1698 960 1779 elegiacis
974 1703 1130 1779 usurpata
1147 1699 1305 1763 invenies:

175 1799 251 1850 Mero.
272 1796 321 1848 501

292 1898 326 1935 ne
344 1880 436 1949 plora:
456 1881 537 1934 nimis
555 1882 638 1935 stulte
659 1882 734 1946 facis,
753 1882 844 1936 oculos
863 1882 1013 1950 corrumpis
1030 1882 1107 1936 tales.

174 1966 312 2037 Amphitr.
331 1968 381 2020 529

291 2070 326 2108 ne
342 2070 485 2122 corrumpe
503 2054 594 2106 ocutos
613 2052 810 2120 (lacrimando).

174 2139 275 2193 Tibull.
296 2139 322 2192 ll
341 2143 364 2205 6,
375 2140 409 2193 42
420 2158 459 2208 sq.

377 2241 434 2278 non
452 2240 503 2294 ego
522 2241 581 2276 sum
600 2221 682 2291 tanti,
701 2224 789 2292 ploret
807 2224 838 2275 ut
856 2221 904 2276 illa
921 2222 1013 2290 semel,

290 2329 339 2367 nec
357 2311 475 2366 lacrimis
494 2311 584 2364 oculos
602 2309 715 2379 dignast
731 2309 841 2364 foedare
859 2310 993 2378 loquaces.

175 2401 253 2456 Ovid.
272 2415 356 2454 amor.
376 2398 415 2450 111
432 2399 456 2459 6,
471 2397 503 2450 57

289 2483 356 2553 qnid
374 2482 420 2536 fles
439 2485 467 2536 et
484 2480 608 2535 madidos
625 2479 744 2533 lacrimis
762 2478 913 2547 corrumpis
932 2479 1049 2532 ocellos?

174 2570 264 2623 Rufin.
284 2567 388 2622 anthol.
412 2567 465 2620 Pal.
482 2567 507 2619 V
524 2566 593 2628 43,3

292 2648 360 2714 εἶτα,
380 2650 487 2714 τέκνον,
507 2652 638 2702 κλαίουσα
658 2648 842 2720 κατατρίψας
860 2642 890 2698 τὸ
909 2644 1062 2718 πρόςωπον.
1398 2716 1402 2721 .

222 2737 473 2816 Nonnumquam
503 2740 612 2800 autem
642 2736 773 2797 amatae
800 2734 903 2796 forma
932 2736 963 2795 et
993 2735 1143 2795 venustas
1165 2749 1203 2793 eo
1225 2729 1307 2792 indi-

138 2844 249 2915 catur,
291 2837 379 2919 quod
408 2841 567 2900 amator
606 2834 743 2898 amica
784 2835 958 2913 aspecta
999 2829 1142 2895 tremit
1181 2833 1308 2910 atque

138 2939 290 3002 horret
313 2956 418 3017 neque
439 2955 518 3016 prae
536 2939 665 3016 stupore
687 2934 786 2997 ullam
810 2952 922 2997 vocem
941 2933 1086 2996 emittere
1107 2935 1228 3011 potest:

178 3036 268 3089 Plani.
286 3035 344 3087 M11.
365 3033 432 3087 1272
446 3051 485 3102 eq·
535 3103 567 3154 ut
584 3098 778 3166 eremitaque
796 3096 932 3152 extimuit,

293 3189 440 3258 postquam
459 3188 487 3239 te
507 3183 620 3250 aspexit.

175 3271 285 3328 Terent.
303 3271 427 3325 Eunuch.
447 3269 481 3323 84

602 3341 684 3401 totus,
704 3336 846 3401 Parmeno,

292 3427 381 3478 tremo
400 3424 565 3492 horreoque,
591 3427 737 3492 postquam
757 3419 849 3485 aspexi
867 3419 947 3472 hanc.

176 3513 269 3567 Plaut.
288 3513 399 3567 Poenul.
418 3512 468 3565 260
477 3529 516 3578 sq.

551 3593 648 3659 lingna
665 3588 730 3641 huic
748 3587 864 3650 excidit,
890 3588 921 3640 ut
940 3602 990 3654 ego
1008 3582 1113 3653 opinor.

295 3679 368 3749 quid,
390 3679 502 3743 malum,
521 3681 614 3733 astans
634 3673 810 3744 obstipuisti?
884 3702 887 3709 ·

215 3866 240 3933 l)
268 3866 312 3920 Sic
329 3866 358 3920 in
381 3865 474 3920 Plauti
493 3860 678 3918 Menaechmis
700 3861 746 3914 180
775 3859 864 3913 amica
882 3874 914 3909 ex
933 3857 1016 3909 ianua
1040 3871 1148 3923 egressa
1171 3870 1232 3906 cum
1257 3851 1313 3905 sole

143 3952 249 4006 oriente
275 3953 459 4019 comparatur.
496 3947 591 4014 Neque
613 3946 696 4014 plane
723 3946 820 3999 desunt
847 3942 998 4012 puellarum
1023 3957 1084 3992 cum
1106 3937 1218 3991 floribus
1241 3953 1311 3990 com·

146 4033 312 4103 parationes,
331 4033 429 4102 delego
445 4036 474 4087 te
492 4032 526 4086 ad
545 4029 635 4084 Plauti
654 4031 726 4084 Pers.
746 4031 805 4092 770,
824 4027 933 4081 Trucul.
952 4023 1197 4087 mammaeam.
1217 4022 1264 4075 191
1285 4024 1313 4074 et

147 4117 181 4172 ad
197 4117 323 4172 'ferentii
342 4116 463 4171 Eunuch.
482 4114 534 4169 318
551 4132 589 4182 sq.
