2910 4920
556 322 738 406 ,γ’-

58 519 284 631 praesefert,
308 522 417 583 tamen
441 539 460 582 a
482 519 636 584 Diomede
667 521 878 602 grammatico
888 520 913 597 ¹)
935 519 1227 585 Alexandrinorum

58 619 130 681 imit
117 620 277 683 tatoribus
307 621 556 698 adnumeratur,
589 626 686 704 atque
714 623 843 705 saepius
871 641 890 686 a
919 621 995 685 viris
1024 622 1126 685 doctis
1154 641 1227 685 eum

59 719 350 782 Alexandrinorum
388 720 522 798 vestigia
562 723 713 802 pressisse
752 722 926 804 probatum
959 723 1016 784 est.
1026 719 1051 801 ²)
1104 719 1228 797 Quibus

61 819 101 881 de
124 820 228 883 causis
250 820 422 890 Tibullum
445 820 659 902 Propertium
682 820 833 885 Ovidium
857 839 963 902 neque
984 839 1023 883 ex
1044 809 1228 883 Atticorum
1303 832 1308 842 ⁴

62 939 167 999 neque
205 939 244 981 ex
275 919 497 983 Romanorum
534 921 706 984 comoediis
746 924 833 985 recta
870 920 922 984 via
956 919 1101 983 hausisse
1138 921 1227 1000 putu,

58 1019 114 1082 sed
152 1020 316 1083 consensio
352 1020 404 1084 illa
439 1021 517 1084 mihi
552 1021 597 1084 ita
629 1021 820 1102 explicanda
852 1020 996 1096 videtur,
1036 1023 1072 1083 ut
1102 1039 1141 1082 ex
1175 1038 1227 1083 co-

59 1118 193 1182 moediis
215 1119 329 1183 Atticis
352 1139 402 1183 res
424 1120 602 1184 amatoriae
624 1121 656 1184 in
680 1120 786 1201 elegos
806 1119 1058 1197 Alexandrinos,
1090 1137 1228 1200 quorum

58 1222 173 1299 poetae
197 1219 284 1283 haud
307 1219 408 1283 multo
429 1225 502 1301 post
523 1240 627 1284 novae
651 1219 837 1284 comoediae
853 1218 1025 1300 scriptores
1040 1219 1225 1295 floruerunt,

58 1321 90 1381 et
121 1337 160 1380 ex
191 1319 227 1381 iis
260 1319 410 1400 deinceps
444 1321 476 1382 in
508 1319 613 1399 elegos
636 1320 858 1383 Romanorum
887 1317 1047 1382 fluxerint.
1101 1317 1174 1394 Qua
1195 1317 1227 1380 in

59 1416 209 1498 opinione
230 1418 340 1495 nobiS,
362 1419 448 1500 quod
471 1419 764 1483 Alexandrinorum
788 1418 933 1482 carmina
955 1416 1123 1498 iniquitate
1146 1419 1227 1479 tem·

57 1537 173 1598 porum
197 1518 377 1598 perierunt,
409 1518 677 1600 acquiescendum
700 1522 798 1596 esset,
828 1517 886 1581 nisi
910 1537 930 1580 a
951 1516 1026 1579 viris
1047 1515 1149 1578 doctis
1172 1516 1227 1578 de·

61 1621 275 1680 monstratum
294 1622 376 1681 esset
392 1618 597 1699 anthologiae
608 1617 776 1682 Palatinae
796 1620 910 1699 poetas
924 1615 1088 1698 plurimos
1112 1613 1227 1678 deinde

57 1714 220 1792 Nonnum,
244 1716 455 1798 Musaeum,⁸)
477 1721 546 1782 tum
565 1717 815 1792 Aristaenetum,
837 1716 1080 1793 Philostratum,
1090 1712 1115 1794 ⁴)
1138 1713 1227 1776 deni-

60 1834 124 1896 que
146 1816 290 1893 eroticoS,
312 1836 393 1897 quos
423 1816 568 1893 dicimus
590 1818 761 1899 scriptores
772 1817 797 1894 ⁶)
820 1836 916 1898 saepe
934 1814 1225 1879 Alexandrinorum

61 1914 195 1995 vestigia
218 1915 378 1996 pressisse.
422 1916 514 1979 Nunc
546 1936 622 1980 vero
646 1917 832 1980 circuitione
855 1916 947 1998 quasi
977 1918 1009 1979 et
1030 1914 1226 1978 anfractibus

60 2013 103 2077 ad
136 2013 426 2077 Alexandrinorum
466 2016 571 2096 elegos
610 2016 777 2097 pervenire
817 2034 1004 2096 possumus,
1051 2013 1161 2095 itaque
1200 2012 1226 2075 si

58 2132 212 2191 magnam
243 2116 370 2194 partem
400 2133 506 2177 rerum
538 2115 786 2188 amatoriarum,
818 2114 935 2196 quibus
956 2112 1116 2189 Tibullus,
1146 2111 1226 2174 Pro·

59 2215 197 2294 partius,
227 2212 361 2276 Ovidius
391 2232 464 2276 cum
486 2213 603 2279 Plauto
633 2214 812 2317 etTerent
790 2219 940 2278 rtoet
884 2209 1225 2278 tcomicorumAtti-

58 2331 170 2376 corum
209 2313 394 2392 fragmentis
432 2313 651 2390 consentiunt,
693 2312 790 2377 etiam
824 2313 956 2394 apud
949 2312 1037 2375 rmita
1019 2314 1125 2374 atores
1157 2309 1226 2372 illos

61 2411 352 2478 Alexandrinorum
387 2414 580 2493 reperimus,
619 2416 676 2476 aut
708 2417 794 2476 certo
832 2416 888 2476 aut
917 2431 983 2475 non
1012 2411 1080 2476 sine
1106 2429 1225 2488 magna

59 2512 204 2576 veritatis
226 2512 331 2592 specie
349 2512 511 2575 affirmare
533 2532 703 2593 possumus
725 2532 780 2576 eas
803 2532 841 2576 ex
863 2511 1035 2575 comoediis
1046 2511 1160 2574 Atticis
1183 2510 1225 2574 ab

57 2612 204 2692 elegiacis
226 2610 518 2675 Alexandrinorum
547 2613 651 2693 poetis
673 2612 869 2693 desumptas,
901 2616 969 2675 ium
994 2611 1131 2692 denique
1154 2610 1225 2673 imi-

55 2712 214 2776 tatoribus
230 2710 387 2774 Romanis
410 2711 544 2775 traditas
567 2731 643 2776 esse.
688 2713 727 2776 Et
749 2713 854 2776 locum
877 2712 1017 2794 quidem,
1041 2711 1095 2792 qui
1116 2714 1163 2773 est
1185 2710 1225 2773 de

55 2831 128 2893 spe,
158 2810 272 2874 Tibull.
292 2812 332 2887 11,
355 2814 384 2889 6,
400 2813 518 2892 19sqq.
548 2815 580 2874 et
611 2798 712 2875 Ovid.
734 2832 772 2875 ex
796 2812 889 2876 Pont.
912 2813 975 2887 16,
988 2811 1027 2874 Ti
1043 2831 1131 2893 sqq.,
1161 2810 1223 2872 hac

56 2909 109 2973 via
132 2914 348 2991 propagatum
372 2930 440 2974 esse
461 2912 527 2975 iam
545 2912 590 2976 ita
605 2912 699 2976 evicit
717 2913 835 2977 Birtius
857 2913 889 2976 in
905 2911 1080 2993 Elpidibus
1122 2911 1224 2972 Ama-

57 3009 213 3074 toriarum
233 3014 340 3073 autem
364 3030 470 3074 rerum
496 3014 738 3075 consensionem
761 3031 812 3075 me
840 3012 906 3092 his,
938 3031 1022 3093 quae
1044 3012 1224 3091 sequuntur

56 3109 270 3191 probaturum
292 3124 359 3173 esse
380 3130 483 3192 spero.

128 3321 152 3389 l)
171 3325 318 3389 grammat.
344 3321 434 3377 Latin.
458 3325 468 3375 1
491 3340 518 3392 p.
536 3323 588 3376 484
621 3323 673 3390 (ed.
697 3323 770 3391 Keil)
884 3321 958 3391 quod
983 3338 1069 3390 genus
1096 3323 1224 3376 carminis

55 3407 201 3477 praecipue
228 3407 394 3478 scripserunt
419 3408 492 3478 apud
521 3410 660 3463 Romanos
686 3409 842 3479 Propertius
872 3411 899 3463 et
929 3408 1053 3462 Tibullus
1078 3412 1105 3463 et
1129 3409 1236 3463 Gallus·

57 3493 162 3547 imitati
179 3494 297 3548 Graecos
316 3493 514 3549 Callimachum
533 3498 560 3549 et
578 3494 763 3565 Euphorione.

127 3597 153 3664 2)
176 3599 270 3665 Maass,
289 3599 399 3674 Hermes
408 3597 502 3651 XVIIl
514 3617 540 3667 p.
551 3599 598 3651 321
610 3617 649 3667 sq.
671 3599 782 3652 Hermes
791 3597 881 3652 XXIV
893 3617 918 3668 p.
930 3599 980 3651 526
989 3616 1028 3667 sq.
1048 3598 1116 3662 Biri,
1134 3598 1223 3669 Elpid.

54 3701 82 3751 p.
103 3684 159 3736 181.
188 3682 304 3751 Belling,
331 3683 425 3737 Albius
444 3683 582 3746 Tibullus,
611 3683 697 3738 Berlin
718 3685 793 3748 1897,
819 3704 846 3755 p.
865 3686 899 3737 85
917 3703 964 3753 sq,
988 3703 1015 3755 p.
1036 3685 1093 3750 111,
1117 3704 1144 3755 p.
1164 3686 1222 3748 125,

54 3767 341 3838 pfflqpffl

126 3871 154 3938 3)
176 3871 216 3924 uf.
236 3872 346 3936 Malloi,
375 3872 550 3938 Quaestiones
576 3873 783 3945 Propertianae.
812 3874 963 3944 Gottingae
982 3876 1062 3938 1882,
1090 3874 1137 3928 ubi
1160 3875 1222 3944 pa

57 3955 177 4025 reliquos
197 3957 268 4012 viros
284 3959 385 4024 doctos,
403 3958 450 4028 qui
469 3960 502 4014 de
521 3960 572 4014 hac
590 3979 619 4015 re
638 3965 762 4030 egerunt,
780 3964 953 4016 enumeratos
971 3960 1100 4016 invenies.

125 4059 153 4127 4)
175 4059 293 4130 bilthey,
312 4062 354 4116 ue
375 4062 537 4117 Callimachi
557 4064 688 4133 Cydippe,
707 4062 777 4132 Lips.
802 4064 876 4118 1863.
906 4064 960 4118 Leo
979 4064 1154 4134 1.1.p.128.

125 4164 151 4229 5)
171 4163 276 4229 Rohde,
297 4165 351 4220 Der
368 4166 537 4236 griechische
556 4168 664 4222 Roman
681 4183 708 4235 p.
729 4165 778 4219 145
795 4183 855 4234 sqq.
