2910 4920
709 330 916 391 ,70-

221 510 269 575 Cf.
279 508 475 573 Philemonis
486 508 543 588 frg.
556 508 605 585 98,
619 507 656 571 Κ.
669 509 695 572 11
708 529 739 590 p.
753 509 834 582 5063
851 505 1017 571 Menandri
1032 504 1088 583 lrg.
1101 505 1171 581 588,
1184 504 1220 567 Κ.
1237 503 1279 566 111
1289 526 1321 585 p.
1339 506 1406 568 178

222 617 370 695 Quantus
392 616 474 679 inter
495 616 677 696 Augusteos
705 618 819 697 poetas
842 634 959 679 aureae
990 611 1220 675 mediocritatis
1245 611 1399 675 laudator

222 715 375 781 Horatius
395 715 517 793 sitvel
540 715 697 778 tironibus
719 718 850 790 notum;
874 732 975 828 quare
997 716 1048 775 sat
1050 711 1076 813 is
1099 711 1138 774 sit
1158 730 1262 775 unum
1279 710 1398 774 Tibulli

221 817 326 880 locum
350 814 493 879 conferre
515 815 562 877 11
569 815 691 897 ,.55qq

412 929 457 966 me
475 928 537 966 mea
553 915 703 982 paupertas
720 913 780 967 vita
797 912 925 967 traducat
944 911 1035 978 inerti,

463 998 529 1051 dum
547 1015 622 1053 meus
641 999 754 1054 adsiduo
774 999 864 1053 luceat
883 998 947 1068 igne
966 997 1049 1051 focus.

412 1085 469 1139 iam
486 1084 566 1153 mihi,
584 1084 640 1138 iam
658 1084 759 1155 possim
778 1087 923 1139 contentus
943 1083 1034 1137 vivere
1052 1100 1137 1152 parvo

463 1187 513 1225 nee
530 1188 636 1241 semper
653 1173 753 1242 longae
771 1172 879 1226 deditus
897 1189 953 1226 esse
971 1171 1032 1226 viae
1051 1188 1106 1239 eqs.

307 1261 351 1323 At
375 1259 456 1323 haec
474 1259 605 1341 quidem
621 1259 787 1324 haetenus.
832 1260 949 1340 lpsas
968 1258 1120 1322 deinde
1142 1259 1401 1334 meretrices,
1445 1344 1448 1350 Ι

227 1379 313 1442 quae
336 1359 487 1423 avaritia
502 1378 561 1423 sua
584 1364 766 1423 amatorum
790 1361 876 1423 bona
899 1359 1074 1435 devorant,
1106 1358 1281 1449 iuyenes
1311 1377 1401 1420 oum

223 1458 516 1523 voracissimis
547 1457 785 1523 fabularum
813 1458 966 1533 1101015,
995 1477 1081 1522 eum
1113 1455 1274 1538 Scylla,
1298 1455 1402 1521 Cha·

223 1557 365 1640 rybdi,
394 1556 626 1635 Chimaera,
660 1556 1196 1640 aliiseompararesolent.
1240 1555 1403 1636 Imprimis

227 1658 384 1723 Anaxilas
405 1654 594 1720 multost
546 1659 594 1720 est
615 1656 648 1719 in
670 1656 732 1721 har
755 1663 924 1738 comparat
925 1658 997 1721 ione
1019 1656 1076 1736 frg.
1095 1655 1144 1733 88,
1167 1655 1204 1718 Κ.
1224 1655 1305 1737 Hp.
1325 1657 1387 1720 870

327 1749 402 1814 ὅστις
420 1748 609 1824 άνθριύπωνί
596 1757 710 1827 εταίραν
730 1750 857 1826 ἠγάπησε
875 1753 996 1824 πώποτε,

327 1862 358 1894 ου
378 1839 461 1910 γένος
479 1842 521 1899 τίς
538 1834 573 1892 tir
591 1838 706 1893 δύναιτο
725 1842 966 1917 παρανομώτερον
985 1849 1105 1951 pponam
1195 1851 1196 1854 '

325 1930 366 1987 τίς
383 1923 440 1998 γάρ
460 1947 475 1997 p
465 1921 657 1998 δράκαιν’
640 1946 757 1999 αμικτος
779 1950 793 2000 η
783 1925 937 2003 Χίααιρα
955 1937 1097 2007 πύρπνοος

325 2033 340 2084 η
330 2008 544 2086 Χάρυβδις
526 2033 542 2083 η
563 2015 711 2085 τρίκρανος
731 2012 851 2082 Σκύλλα,
870 2022 970 2072 ποντία
989 2024 1069 2091 κύων,

324 2097 431 2169 Σφίγξ,
457 2093 544 2170 adpo,
568 2094 664 2164 λέαιν’,
691 2099 786 2172 ἔχιδνα
812 2101 953 2174 πτηνάθ’
969 2101 1100 2211 Ἁρπυιῶν
1119 2111 1199 2182 γένη,

324 2183 364 2244 εἰς
383 2179 577 2287 ύπερβολὴν’
559 2192 675 2253 αφῖκται
695 2187 743 2242 τοῦ
762 2189 956 2246 καταπτύστου
974 2195 1089 2263 γένους;

324 2265 375 2323 οάκ
394 2268 498 2340 ἔνεσθ’,
518 2257 688 2325 αυταιιλΗ
671 2273 802 2328 απάντων
821 2271 985 2351 ὑπερέχουσι
1004 2281 1059 2335 τῶν
1079 2283 1171 2336 κακῶν
1190 2301 1245 2352 eqs.

226 2356 409 2441 Charybdis
430 2359 527 2424 etiam
550 2360 582 2423 in
605 2360 712 2426 Plauti
733 2365 840 2428 verbis
861 2367 1085 2434 subaudienda
1106 2374 1171 2435 est:

261 2454 359 2510 Baaeh.
377 2457 429 2510 470
438 2475 478 2525 sq.

419 2543 592 2598 meretricem
609 2543 724 2613 indigne
741 2546 855 2616 deperit.
891 2549 942 2602 Μ·
961 2566 1017 2604 non
1035 2554 1066 2605 tu
1084 2551 1181 2605 taces?

302 2628 384 2697 Lyd:
421 2633 505 2698 atque
525 2629 656 2685 auerrime
675 2635 843 2722 aestuosam:
863 2633 998 2698 absorbet,
1018 2635 1066 2689 ubi
1084 2653 1222 2705 quemque
1240 2636 1349 2706 attigit.

262 2713 370 2769 Trucul.
390 2715 489 2784 350sq.

420 2801 467 2856 sed
485 2804 624 2856 aestuosas
639 2793 727 2856 sentio
746 2803 848 2871 aperiri
867 2803 946 2870 fores,

419 2904 492 2956 quae
511 2887 667 2957 obsorbent,
686 2887 820 2957 quidquid
839 2890 915 2944 venit
933 2891 1009 2945 intra
1026 2892 1154 2961 pessulos.

264 2973 371 3029 Trucul.
391 2974 441 3028 868

420 3059 592 3116 meretricem
611 3075 662 3129 ego
680 3057 748 3113 item
768 3074 824 3113 esse
842 3076 910 3128 reor,
929 3077 1004 3114 mare
1022 3062 1054 3115 08
1072 3063 1130 3114 est:

420 3147 492 3216 quod
512 3146 566 3215 des,
585 3145 699 3200 devorat
723 3161 774 3199 neo
792 3144 864 3198 datis
883 3145 1013 3200 abundat.

160 3212 162 3217 Ι
228 3244 351 3308 Similia
374 3243 520 3325 sumpsit,
542 3241 575 3304 ni
598 3240 698 3318 fallor,
721 3239 899 3321 Aleiphron
922 3261 961 3305 ex
984 3242 1156 3306 comoediis
1174 3241 1305 3308 Graecis
1330 3249 1407 3329 epi

230 3341 651 3422 6,8;118,3;11133,.8

310 3445 380 3507 lam
397 3462 483 3519 vero,
502 3460 576 3505 00111
591 3441 761 3504 Romanae
778 3440 899 3521 elegiae
917 3440 1102 3507 huiusmodi
1120 3443 1198 3507 nihil
1215 3446 1408 3526 praebeant,

234 3544 322 3626 apud
344 3542 456 3607 Horat‘
434 3548 515 3606 81001
535 3541 668 3623 legimus
692 3560 789 3604 earm
811 3541 824 3603 1
846 3541 895 3617 87,
910 3542 1029 3623 ttlsqq.

189 3643 191 3647 ’
825 3656 841 3692 a
860 3639 950 3708 miser,

564 3729 668 3795 quanta
688 3725 834 3780 laborabas
853 3726 1002 3794 Charybdi,

562 3810 647 3882 digne
666 3828 734 3881 puer
752 3811 864 3865 meliore
881 3813 1000 3867 flamma.

231 3905 279 3967 Ac
302 3903 383 3967 forte
404 3902 535 3966 fortuna
568 3900 691 3977 evenit,
720 3905 755 3964 08
786 3901 884 3964 etiam
926 3921 1009 3965 unus
1042 3900 1230 3965 hexameter
1260 3906 1413 3966 servatus

235 4007 369 4066 testetur
381 3999 621 4065 Alexandrinae
638 4000 758 4079 elegiae
773 4002 950 4082 principem
973 4001 1035 4064 hac
1053 4001 1295 4083 comparatione
1312 4020 1410 4065 usum

236 4123 321 4166 esse:
343 4103 400 4183 hg.
427 4101 487 4164 181
509 4099 629 4180 (801111.)

429 4193 541 4250 Σκύλλα
559 4194 631 4268 γυνὴ
650 4201 806 4250 κατάκασσα
829 4199 875 4249 καὶ
894 4199 925 4249 οὐ
944 4192 1038 4262 ψύθος
1057 4194 1151 4268 οὔνομ’
1171 4193 1280 4267 ἔχουσα.
