2910 4920
620 285 826 348 ..50-

135 469 201 534 Nec
222 465 311 529 deest
334 459 454 525 amoris
477 464 585 524 aestus
606 460 637 523 in
659 461 767 527 Plauti
789 462 923 528 fabulis:

170 569 271 627 Cistell.
289 565 340 620 221
350 582 390 634 sq.

330 655 480 712 maritimis
498 655 622 710 moribus
641 674 748 712 mecum
767 659 915 730 experitur,

329 744 371 798 ita
387 759 480 797 meum
500 742 606 812 frangit
625 749 767 801 amantem
785 747 910 802 animum
928 748 1046 816 (Amor).

169 840 258 895 Plaut.
278 837 415 893 Mercator
432 836 484 890 890

203 933 282 1004 potin
301 933 332 984 ut
349 930 443 985 animo
461 930 497 983 sis
516 929 687 999 tranquillo?
728 931 825 985 Chaa:
843 930 952 1000 quidsi
971 931 1010 985 mi
1028 933 1139 988 animus
1156 932 1269 987 fluctuati

135 1030 207 1108 Qua
230 1029 263 1092 in
289 1046 323 1090 re
344 1024 597 1089 Alexandrinam
621 1025 756 1103 elegiam
780 1025 921 1106 pendere
950 1046 989 1091 cx
1011 1029 1180 1093 comoedia
1200 1029 1280 1092 Allia

135 1130 193 1194 tibi
214 1144 404 1210 persuasum
428 1124 495 1188 lore
521 1144 626 1206 spero,
656 1126 680 1188 sl
706 1126 786 1189 baec
808 1127 954 1208 exempla
978 1127 1231 1209 perlustraveris:

171 1233 270 1289 Catull.
292 1229 405 1285 LXVIII
427 1230 474 1283 107

447 1325 527 1377 tanto
545 1324 574 1377 te
592 1321 740 1377 absorbens
758 1322 861 1378 vertice
877 1321 977 1377 amoris

333 1413 425 1466 aestus
451 1410 481 1463 in
500 1409 648 1479 abruptum
667 1409 806 1465 detulerat
824 1410 1000 1466 barathrum.

171 1508 253 1577 Prop·
273 1504 300 1557 ΙΙ
322 1504 435 1571 12,7εα.

338 1595 442 1651 scilicet
460 1595 567 1649 alterna
581 1593 714 1662 quoniam
733 1592 869 1648 iactamur
886 1593 916 1646 in
935 1592 1011 1647 unda

385 1685 534 1750 nostraque
551 1697 607 1735 non
626 1681 687 1734 ullis
705 1683 850 1750 permanet
869 1697 936 1736 aura
953 1679 1028 1734 locis.

174 1777 253 1833 Ovid.
273 1792 359 1832 emor.
377 1777 403 1829 ll
420 1775 473 1839 4,8

337 1868 445 1924 auferor
463 1871 495 1922 ut
512 1866 610 1936 rapida
628 1867 737 1921 concita
752 1865 851 1936 puppis
869 1883 951 1935 aqua

174 1964 274 2022 Incerti
292 1961 410 2019 auctoris
427 1961 514 2032 epigr.
534 1960 638 2015 anthol.
658 1960 716 2014 Pal.
737 1961 760 2012 V
785 1963 812 2015 ll

334 2049 359 2104 εἰ
378 2044 443 2107 τοὺς
461 2050 492 2101 ἐν
511 2049 629 2117 πελάγει
646 2049 746 2112 σώζεις,
772 2049 873 2120 Κύπρι,
892 2046 963 2119 κάμὲ
982 2042 1032 2100 τὸν
1067 2067 1082 2099 ν
1103 2044 1142 2115 γᾷ

389 2137 521 2204 ναυαγόν,
541 2136 620 2208 φιλίῃ
638 2133 725 2187 σοῖσον
746 2134 943 2207 ἀπολλύμενον.

175 2228 307 2300 Meleagri
325 2227 410 2298 epigr.
430 2228 533 2283 anthol.
554 2228 611 2282 Pal.
630 2229 653 2280 V
675 2230 723 2282 190

336 2320 411 2394 κῦμα
431 2317 461 2375 τὸ
480 2317 583 2394 πικρὸν
597 2320 717 2393 ’Ἑρωτος
736 2322 882 2392 ἀκοίμητοί
902 2334 933 2373 τε
949 2339 1084 2380 assertos
1161 2382 1165 2389 ,

388 2408 463 2480 ζῆλοι
483 2411 530 2463 καὶ
549 2411 646 2482 κώμων
661 2409 810 2479 χειμέριον
828 2409 957 2476 πέλαγος,

337 2497 392 2550 παῦ
411 2500 551 2571 paparum
567 2498 657 2566 πάντη
676 2494 705 2548 δὲ
724 2495 836 2567 φρενῶν
854 2495 951 2555 οἴακος
969 2497 1100 2563 ἀφεῖνται
1119 2513 1173 2564 eqs.

141 2585 328 2654 Philostrati
350 2593 440 2674 epist.
463 2595 503 2657 50
526 2589 766 2671 ἐμαρόθεσμαν
788 2591 893 2653 ἐκεῖνο
914 2589 952 2653 τὸ
975 2588 1141 2678 ναυάγιον,
1163 2588 1214 2652 καὶ
1233 2601 1283 2662 σμι-

143 2688 221 2766 κρόν
242 2712 289 2762 τις
311 2691 491 2773 ἀναμείνας
507 2697 666 2772 σωτηρίας
680 2688 820 2772 ηὐπόρει
842 2691 978 2771 δένδρον
1000 2690 1104 2768 εὑρών
1119 2693 1155 2754 ὲν
1170 2685 1296 2766 πελάγει·
1324 2732 1326 2749 .

143 2787 161 2848 o‘
181 2787 262 2861 d'³s‘r
276 2791 399 2872 ταύτην
418 2787 512 2866 ἅπαξ
528 2792 587 2876 τήν
606 2789 781 2854 θάλατταν
804 2791 995 2872 καιαῤῥοεὶς
1015 2791 1123 2856 οιῗκέτι
1139 2795 1287 2874 ἐξέρχεται.
1324 2776 1326 2785 '

131 2998 135 3005 ¹
227 2915 309 2980 Cum
333 2922 513 2983 ameriam
537 2919 644 3000 gravis
667 2940 705 2984 ac
728 2920 903 2984 vehemens
917 2921 1051 2984 morbus
1067 2920 1118 2997 sit,
1140 2918 1290 2983 iuvenes

144 3013 181 3078 in
214 3015 387 3095 fabuliS‚
431 3019 463 3082 si
503 3019 602 3102 quid
633 3040 708 3102 per
744 3020 992 3085 indomitam
1033 3019 1291 3100 cupiditatem

144 3117 462 3196 commiserunt,
499 3120 665 3183 veniam
706 3119 786 3183 sibi
817 3123 984 3201 petunt,
1025 3120 1146 3202 quasi
1178 3118 1294 3184 anim⁰

144 3217 398 3295 perturbato
439 3219 502 3283 vel
534 3219 686 3284 insano
718 3239 855 3301 neque
886 3239 959 3285 sua
992 3223 1142 3301 sponte
1171 3231 1297 3303 pecca·

145 3315 293 3380 verint.
324 3317 448 3395 Quibus
464 3321 723 3385 excusationibus
739 3340 834 3399 nunc,
855 3321 881 3384 si
894 3321 1009 3401 placet,
1028 3340 1122 3384 aures
1138 3321 1298 3403 praebeas:

179 3420 268 3476 Plaut.
287 3423 375 3477 Aulul.
395 3425 445 3478 737
458 3442 516 3494 sqq.

146 3516 223 3586 Lye:
253 3516 318 3572 deus
336 3517 468 3588 impulsor
487 3518 556 3572 mihi
575 3518 637 3588 fuit,
656 3519 678 3572 is
693 3536 737 3574 me
755 3518 790 3573 ad
808 3519 883 3573 illam
902 3517 996 3572 illexit.
1033 3511 1290 3587 bu01.:qu0m0d0l

145 3603 224 3672 Lyez
249 3604 339 3659 fateor
356 3605 508 3673 peccavisse
525 3609 554 3661 et
572 3624 615 3661 me
633 3608 742 3677 culpam
762 3606 954 3661 commeritum
972 3606 1040 3669 scio;

145 3691 173 3744 id
194 3690 262 3747 adeo
280 3695 309 3746 te
327 3696 436 3746 oratum
456 3692 582 3760 advenio,
601 3697 633 3747 ut
650 3695 743 3748 animo
764 3711 850 3764 aequo
869 3696 993 3765 ignoscas
1012 3694 1089 3748 mihi.

181 3785 269 3839 Plaut.
288 3784 347 3839 Mil.
366 3785 430 3838 1251
445 3804 483 3854 sq.

146 3877 168 3932 si
187 3877 293 3933 amavit
311 3895 453 3947 umquam,
472 3881 521 3933 aut
539 3877 562 3931 si
580 3894 674 3945 parem
693 3877 858 3947 sapientiam
877 3879 963 3934 babet
982 3897 1013 3933 ac
1031 3879 1158 3948 formam,

146 3983 195 4038 per
212 3982 334 4020 amorem
352 3965 374 4019 si
392 3966 459 4034 quid
477 3968 573 4029 fecero,
600 3966 727 4021 clementi
747 3967 839 4022 animo
857 3967 988 4043 ignoscet.
