2910 4920
165 1093 385 1227 Quamquam
415 1165 488 1209 cum
520 1145 571 1209 alii
601 1146 658 1209 viri
690 1144 810 1226 docti¹l
840 1150 907 1210 tum
929 1165 1033 1227 nuper
1055 1145 1232 1212 Fridericus

63 1247 161 1328 Le02)
192 1247 493 1310 demonstraverunt
516 1243 671 1326 elegiacos
692 1246 914 1310 Romanorum
946 1249 1059 1327 poetas
1080 1245 1113 1308 in
1135 1247 1231 1310 rehus

63 1346 229 1412 amatoriis
251 1344 428 1407 tractandis
451 1345 577 1426 saepius
597 1365 669 1409 cum
687 1345 816 1410 comicis
835 1347 1022 1424 consentire,
1046 1351 1155 1411 tamen
1178 1366 1230 1410 me

64 1449 105 1511 de
127 1447 241 1511 eadem
259 1464 303 1519 re,
326 1464 424 1526 quam
445 1445 486 1507 illi
503 1445 607 1508 obiter
622 1445 806 1526 attigerunt,
830 1446 960 1509 uberius
977 1448 1009 1509 et
1025 1445 1124 1509 fusius
1141 1445 1229 1509 haud
1250 1506 1253 1511 .

63 1549 132 1611 sine
153 1549 258 1610 fructu
280 1544 386 1607 denuo
409 1544 574 1626 disputare
596 1563 697 1626 posse
710 1564 813 1626 spere.
856 1545 908 1608 Ad
928 1545 1015 1626 qnod
1029 1544 1229 1627 propositum

64 1648 168 1729 ipsum
200 1646 388 1727 priusquam
423 1644 608 1724 aggrediar,
643 1664 709 1726 qua
737 1645 790 1708 via
819 1645 1002 1723 consensio,
1034 1663 1118 1726 quae
1146 1643 1231 1706 inter
1325 1698 1328 1706 .

64 1746 204 1809 ronricos
234 1750 265 1809 et
293 1743 450 1824 elegiacos
470 1743 693 1808 Romanorum
725 1749 836 1827 poetas
865 1745 1049 1821 intercedit,
1079 1742 1229 1825 explicari

62 1845 172 1927 possit,
192 1863 350 1925 exponere
369 1844 520 1907 conabor.
563 1843 647 1907 Nam
658 1844 831 1930 Tibullum,
849 1844 1062 1928 Propertium,
1078 1844 1227 1908 Ovidium

65 1945 206 2007 imitatos
236 1962 304 2006 esse
332 1942 485 2006 Plautum
515 1948 547 2007 et
575 1943 760 2007 Terentium
784 1944 953 2009 verisimile
974 1964 1038 2008 non
1061 1948 1124 2025 est,
1156 1963 1229 2007 cum

62 2047 187 2107 veteres
201 2044 425 2107 Romanorum
447 2046 560 2122 poetas
569 2040 595 2121 ⁸)
618 2047 650 2107 et
676 2043 831 2124 imprimis
854 2044 992 2108 comicos
1014 2044 1056 2108 ab
1074 2042 1229 2124 Augustei

63 2143 133 2208 aevi
166 2142 268 2224 poetis
297 2142 464 2224 despectos
492 2146 524 2206 et
553 2147 755 2226 contemptos
783 2164 851 2208 esse
880 2143 1093 2225 videaurus.⁴)
1144 2143 1228 2207 Atti·

62 2262 172 2308 corum
207 2246 318 2306 contra
350 2261 486 2320 novam,
526 2261 610 2324 quae
642 2243 758 2322 fertur,
798 2244 999 2308 comoediam
1036 2244 1118 2307 inter
1149 2243 1229 2307 alios

62 2342 217 2423 Augustei
235 2340 306 2405 aevi
325 2341 495 2422 scriptores
512 2341 699 2424 Propertius
720 2347 752 2407 et
771 2343 902 2408 Ovidius
918 2342 1068 2407 admirati
1090 2341 1229 2405 maxime

60 2445 145 2519 sunt,
169 2446 204 2505 ut
228 2443 519 2525 saepetestentur:

96 2541 176 2612 Prop.
198 2539 226 2592 II
245 2539 294 2603 6,1
310 2556 367 2606 sqq.

255 2641 310 2679 non
328 2624 370 2679 ita
387 2623 562 2694 complebant
580 2623 725 2693 Ephyreae
742 2623 841 2679 Laidos
859 2624 946 2695 aedes,

308 2710 343 2765 ad
362 2709 437 2764 cuim
454 2709 540 2765 iacuit
559 2709 672 2765 Graecia
691 2714 753 2766 tota
769 2711 848 2780 fores,

255 2796 337 2851 turba
356 2797 536 2852 Menandreae
554 2796 645 2852 fuerat
663 2814 713 2852 nec
731 2797 851 2853 Thaidos
868 2799 934 2853 olim

307 2885 400 2947 tanta,
429 2883 458 2936 in
477 2901 533 2951 qua
548 2884 665 2953 populus
682 2883 747 2939 lusit
765 2884 968 2940 Erichthonius.

94 2968 175 3037 Prop.
196 2967 236 3020 Ill
255 2969 296 3046 21,
307 2970 340 3022 27
350 2988 407 3038 sqq.

255 3073 403 3125 persequar
420 3060 469 3110 aut
487 3054 608 3110 studium
627 3054 747 3124 liuguae,
766 3054 957 3109 Demosthenis
975 3072 1060 3117 arma,

307 3141 435 3196 ridebove
454 3146 522 3205 tuos,
543 3143 615 3197 culte
634 3141 790 3207 Menandre,
808 3142 883 3197 sales.

64 3235 259 3245 a*

131 3297 155 3362 1)
178 3290 272 3352 osan
293 3299 327 3353 ao
346 3300 450 3354 riuum
469 3301 481 3353 1
500 3302 521 3366 1,
541 3320 565 3354 v.
584 3302 618 3354 46
636 3304 665 3356 et
683 3261 761 3364 aar
782 3301 806 3369 2,
826 3319 850 3356 v.
872 3302 894 3355 1.

164 3384 312 3455 Hertaberg
329 3390 359 3441 et
375 3387 520 3442 Rothstein
539 3387 641 3457 passim
659 3387 687 3440 in
705 3387 908 3442 commentariis
925 3386 954 3441 in
974 3387 1148 3456 Propertium

106 3554 154 3607 m
165 3469 298 3535 Huschke,
317 3473 450 3587 Anamcta
463 3474 558 3528 critica
576 3473 604 3526 in
624 3472 729 3528 anthol.
749 3473 842 3528 Graec.
875 3476 960 3528 lenae
978 3477 1006 3528 et
1024 3471 1132 3542 Lipsiae
1154 3474 1226 3542 1800,

58 3572 78 3622 p
106 3725 138 3778 14
166 3573 317 3712 ffiohde,
336 3633 391 3700 Der
408 3644 577 3714 griechische
591 3647 698 3700 Roman
717 3664 743 3699 u.
763 3645 836 3701 scine
846 3643 1014 3700 Vorlaeufer.
1042 3642 1131 3713 Leipz.
1151 3642 1226 3706 1876,

79 3766 85 3778 .
139 3730 186 3780 tis
226 3770 232 3781 .

24 3829 27 3833 ’
58 3743 77 3794 p
164 3746 224 3865 Τῗι(1
233 3813 302 3883 Birt,
320 3815 438 3888 Elpides.
465 3818 596 3885 Marburg
618 3819 690 3878 1881,
709 3837 735 3888 p.
754 3821 788 3872 72>
806 3835 864 3885 sqq.
884 3818 913 3871 et
929 3835 957 3886 p.
978 3816 1023 3867 121
1045 3833 1102 3882 sqq.

129 3897 156 3963 2)
177 3897 363 3956 Plautinische
381 3902 583 3972 Porschungen.
613 3904 703 3958 Berlin
726 3905 799 3968 1895,
818 3922 844 3972 p.
865 3903 915 3957 129
933 3919 990 3971 sqq.

129 3982 155 4049 3)
176 3984 434 4054 Teuffel-Schwabe,
454 3990 615 4046 Geschichte
633 3992 680 4046 der
696 3993 791 4046 Roem.
809 3991 875 4044 Litt.
893 4009 920 4060 p.
941 3989 999 4053 172,
1010 3990 1032 4041 1.

127 4068 154 4136 4)
172 4070 309 4137 Horatius,
328 4075 407 4142 epist.
429 4077 453 4130 11
473 4078 497 4145 1,
511 4080 559 4132 160
570 4097 628 4147 sqq.
648 4082 677 4133 et
696 4079 746 4134 168
756 4097 814 4148 sqq.
832 4082 884 4134 art.
903 4080 975 4148 poet.
994 4077 1045 4130 270
1054 4092 1113 4144 sqq·
1141 4066 1224 4136 Quin·

57 4153 139 4208 tilian
157 4154 220 4212 inst.
239 4163 309 4216 orat.
326 4161 352 4215 X
371 4164 395 4228 1,
406 4165 449 4219 99.
