2910 4920
539 339 744 401 ...85-

247 528 329 582 carpe
346 510 421 566 cibos
438 509 548 581 digitis:
566 517 612 568 est'
626 513 757 582 quiddam
775 519 869 584 gestus
886 517 994 587 edendi,

319 615 369 653 ora
385 616 437 654 nee
452 598 597 654 immunda
615 603 675 654 tota
692 618 815 671 perunge
833 620 917 656 manu

248 704 317 742 neve
335 685 411 739 domi
428 703 570 756 praesume
589 685 681 756 dapes,
701 687 747 741 sed
765 687 857 742 desine
875 687 947 743 citra

11 810 20 848 t·
319 790 402 841 quam
416 769 505 841 capis:
524 789 552 826 es
568 773 659 842 paulo,
679 790 762 841 quam
780 777 858 842 potes
877 791 940 842 esse,
959 775 1049 828 minus
1066 793 1121 843 eqs.

62 863 98 927 lle
116 862 261 927 bibendo
284 864 393 925 autem
414 859 571 941 praecipit
593 880 622 923 v.
646 861 705 924 763
721 880 790 942 sqq.

190 961 244 1015 hoo
261 976 378 1029 quoque,
397 977 452 1028 qua
471 958 579 1029 patiens
597 962 680 1028 caput
698 963 748 1023 est,
767 960 927 1028 animusque
946 960 1081 1029 pedesque

261 1046 405 1101 constant!
423 1061 466 1109 ne,
486 1062 557 1112 quae
575 1045 629 1098 sint
649 1045 764 1115 singula,
782 1045 848 1100 bina
866 1045 941 1101 vide!

191 1138 274 1202 turpe
292 1132 383 1186 iacens
401 1129 499 1185 mulier
516 1130 604 1184 multo
622 1131 780 1186 madefacta
797 1132 902 1200 Lyaeo:

263 1218 374 1287 dignust
391 1217 551 1271 concubitus
569 1217 706 1285 quoslibet
724 1217 771 1272 illa
788 1219 856 1287 pati.

49 1311 142 1374 Unde
169 1313 265 1389 turpe
289 1305 367 1371 illud
387 1306 514 1376 Luxorii
545 1306 667 1369 anthol.
692 1307 745 1370 lat.
769 1308 838 1371 363.
890 1260 1136 1382 Quodammodo
1158 1309 1221 1374 huc

46 1413 199 1491 spectant
222 1408 320 1471 etiam
341 1407 509 1470 Phronesii
531 1407 630 1470 verba
654 1407 685 1470 in
708 1407 816 1472 Plauti
834 1407 961 1473 Trucul.
985 1408 1104 1490 854sq.

117 1507 208 1560 blitea
227 1509 256 1560 et
274 1505 373 1559 luteast
390 1504 530 1572 meretrix,
549 1504 602 1557 nisi
620 1521 690 1572 quae
707 1505 781 1575 sapit
799 1505 827 1558 in
847 1505 910 1559 vino
930 1505 965 1559 ad
984 1523 1041 1560 rem
1060 1524 1145 1567 suam,

115 1594 141 1647 si
163 1592 220 1646 alia
238 1591 363 1646 membra
381 1589 444 1644 vino
464 1590 602 1660 madeant,
623 1607 668 1644 cor
687 1591 723 1646 sit
741 1591 839 1646 saltem
858 1590 986 1645 sobrium.

48 1680 198 1760 Denique
220 1682 313 1756 artes,
346 1677 463 1760 quibus
486 1678 618 1743 Ovidius
640 1679 762 1760 puellas
785 1679 826 1742 ad
850 1680 995 1760 corporis
1017 1679 1094 1743 vitia
1115 1681 1222 1744 occul-

49 1779 154 1842 tanda
175 1778 320 1855 instruit,
348 1797 502 1858 magnam
531 1779 705 1843 ostendunt
732 1779 971 1843 similitudinem
1003 1799 1076 1843 cum
1099 1781 1222 1844 artibus

50 1877 251 1954 meretriciis
284 1897 366 1960 quas
397 1883 564 1942 enumerat
593 1878 701 1942 Alexis
732 1878 764 1941 in
794 1878 933 1942 Isostasii
963 1878 1143 1959 fragmento
1171 1882 1221 1956 ll8,

49 1979 86 2042 Κ.
100 1981 131 2042 ll
148 1999 179 2059 p.
195 1978 272 2053 3293
295 1977 385 2041 cuius
406 1977 576 2057 fragmenti
596 1997 705 2041 versus
724 1977 775 2041 hic
794 1977 976 2041 adscribam
989 1977 1093 2041 Ovidii
1117 1980 1223 2042 verbis

53 2077 308 2158 congruentibus
329 2093 387 2140 suo
410 2096 539 2159 quoque
561 2077 630 2140 loco
653 2077 794 2140 insertis:
817 2098 846 2141 ν.
862 2079 883 2140 5
900 2097 969 2158 sqq.

203 2169 290 2233 aridis
308 2169 515 2227 α’ναπλιίισουσι
536 2172 647 2239 ταυτας,
666 2168 735 2227 ὥστε
753 2174 825 2246 μήτε
847 2171 911 2234 τοὺς
930 2173 1049 2245 τρόπους

201 2258 273 2332 μήτε
291 2255 341 2320 τὰς
359 2257 443 2326 ὄψεις
461 2257 561 2332 ὁμοίας
579 2262 720 2314 διατελεῖν
739 2259 822 2320 οὔσας
841 2260 891 2315 ἔτι.

203 2344 337 2420 τυγχάνει
354 2346 443 2419 μικρά
463 2367 503 2406 τις
521 2335 597 2411 οὖσα,
619 2343 717 2416 φελλὸς
736 2346 767 2401 ἐν
786 2355 846 2407 ταῖς
863 2351 991 2415 βαυκίσιν

203 2431 413 2502 ἐγκεκάττυται·
431 2431 527 2504 μακρά
547 2431 772 2517 σιςκδαίβαθρον
790 2429 892 2486 tensis
910 2440 995 2505 φορεῖ
1091 2505 1093 2512 Α

203 2519 253 2590 τήν
272 2538 302 2573 σε
321 2516 446 2590 κεφαλὴν
465 2518 511 2572 ἐπὶ
530 2515 578 2571 τὸν
596 2517 672 2591 ὦμον
691 2515 874 2586 scrupulosis?
893 2517 1044 2592 ἐξέρχεται.

203 2604 283 2658 τοῦτο
305 2604 353 2658 τοῦ
370 2607 475 2676 μήκους
494 2600 619 2672 οἷφεῖλεν.
887 2639 892 2649 .

58 2698 161 2760 litiani
184 2693 317 2759 Ovidius
337 2697 396 2756 art.
421 2694 467 2756 ΙΙΙ
490 2693 550 2756 263
563 2714 631 2774 sqq.
656 2693 781 2756 feminis
802 2693 937 2757 artificia
959 2692 1083 2767 subicit,
1106 2690 1223 2772 quibus

59 2795 189 2859 nimiam
214 2793 336 2873 figurae
357 2792 546 2855 brevitalem
565 2793 668 2856 celare
684 2794 815 2874 possint,
841 2793 897 2856 sed
914 2792 1012 2874 paulo
1028 2790 1070 2853 a‘b
1083 2787 1224 2852 Alexidis

59 2894 218 2959 differunt.
262 2891 363 2971 Magis
385 2910 460 2954 vero
483 2897 679 2973 congruunt:

91 3006 215 3062 Alexidis
234 3024 259 3058 v.
279 3005 360 3074 10sq.

596 3069 647 3126 ουκ
666 3071 723 3145 ἔχει
743 3091 785 3131 τις
802 3071 882 3144 ἰσχία,

257 3155 405 3215 riners'dvo'
424 3157 559 3233 s’papps'rt'
578 3156 673 3230 αὐτήν,
692 3153 761 3211 ὥστε
780 3154 831 3228 τὴν
850 3153 988 3224 εὐπυγίαν
1029 3229 1031 3232 y

257 3243 378 3317 ἅναβοᾶν
397 3244 461 3307 τοὺς
480 3247 639 3307 εἰσιδόντας.

92 3332 171 3388 Ovid.
189 3336 241 3387 art.
261 3333 300 3386 111
320 3334 369 3387 267
386 3352 425 3403 sq.

255 3436 326 3487 quae
344 3419 460 3472 nimium
480 3419 596 3488 gracilis,
615 3420 696 3489 pleno
714 3417 852 3472 velamina
869 3418 915 3471 filo

326 3508 425 3572 sumat,
444 3509 472 3560 et
490 3522 522 3559 ex
541 3504 641 3559 umeris
658 3506 735 3559 laxus
753 3503 870 3558 amictus
889 3506 940 3558 eat.

92 3588 172 3642 Ovid.
192 3593 245 3644 art.
262 3592 296 3643 ΙΙΙ
316 3592 367 3643 272

259 3676 338 3730 arida
356 3693 406 3730 nee
425 3675 521 3729 vinclis
539 3692 619 3728 crura
637 3674 741 3729 resolve
760 3673 821 3726 suis.

56 3762 171 3826 Alexis
183 3781 211 3825 v.
224 3764 261 3827 13
273 3784 319 3845 sq.
332 3768 364 3827 et
378 3763 511 3828 Ovidius
522 3783 551 3825 v.
562 3763 622 3826 273
634 3782 703 3843 sqq.
721 3765 894 3842 exponunt,
916 3762 1078 3843 quomodo
1094 3761 1231 3843 pectoris

56 3863 164 3926 torma
188 3863 299 3926 melior
320 3863 420 3927 videri
435 3863 544 3944 possit,
568 3862 624 3926 sed
646 3867 780 3942 uterque
801 3861 864 3923 alia
885 3861 1002 3924 auxilia
1025 3862 1147 3924 suadet.
1186 3862 1230 3924 At

55 3964 157 4044 plane
181 3961 401 4025 consentiunt:

92 4059 247 4129 fragmenti
267 4079 290 4112 v.
312 4060 343 4112 16

259 4141 308 4204 τὰς
329 4140 415 4217 ὄφρῦς
434 4141 540 4218 νιυῤῥᾶς
560 4144 617 4216 ἔχει
637 4161 686 4205 τις,
706 4142 898 4213 ζωγραφοῦσιν
918 4139 1025 4215 α’σβὸλῳ·
