2910 4920
638 296 842 358 ..40-

152 492 295 538 amorem
329 471 361 533 in
392 475 504 553 peetus
536 475 736 554 penetrasse,
773 473 858 537 velut
891 474 990 557 Prop.
1017 479 1034 541 Ι
1073 480 1089 542 1
1134 480 1252 563 ‘prima
1280 482 1327 545 suis

153 575 304 637 miserum
336 591 389 635 me
423 573 507 652 cepit
533 572 657 635 ocellis'.
708 574 838 636 Anthol.
867 573 935 637 Pal.
970 575 996 636 V
1029 578 1104 642 210
1151 571 1327 662 τῷᾳθαλμῷ

152 671 281 752 Διδύμη
310 694 352 750 με
383 667 605 752 συνήρπασεν.
658 670 751 735 Ovid.
774 692 875 736 anaor.
899 673 925 736 ll
949 675 1073 749 1212
1106 678 1221 744 ‘facies
1241 681 1328 744 oculos

153 777 231 837 nata
242 778 352 837 tenere
367 771 473 835 meos'.
503 770 850 836 Ovid.heroid.Xl136
870 772 1100 841 ‘abstulerant
1119 780 1209 844 oculi
1226 780 1328 844 lumina

153 876 264 936 nostra
286 871 350 935 tui'.
385 871 481 953 Prop.
503 871 590 948 1115,
611 872 649 934 12
670 871 762 935 ‘oculi
788 877 862 936 sunt
892 873 924 937 in
945 893 1068 940 amore
1096 878 1223 944 duces'.
1256 880 1329 944 Orid.

153 976 212 1035 art.
225 970 263 1034 lll
287 972 325 1035 10
346 969 501 1035 ‘comibus
524 975 571 1034 est
593 970 693 1034 oeulis
717 968 903 1036 alliciendus
924 973 1038 1037 amor’.
1078 975 1196 1044 Noun.
1214 981 1329 1044 Dionll

152 1073 214 1135 588
243 1056 420 1152 ὀφθαλμός
456 1069 675 1148 nonasterium
704 1072 826 1150 ἐγίνεισ
856 1072 993 1150 πομπὸς
1016 1072 1187 1154 Ἐρώτων.
1232 1080 1329 1144 Achil.

153 1173 224 1235 Tar.
248 1173 262 1234 Ι
285 1171 350 1249 4,4
379 1167 494 1242 κᾶλλος
516 1170 576 1248 γαρ
600 1167 756 1249 ὀξύτερον
777 1167 947 1250 τιτρώσκει
967 1171 1095 1253 βέλους
1120 1178 1180 1240 καὶ
1204 1179 1261 1241 δια
1280 1183 1332 1240 τῶν

153 1269 340 1352 ὀφθαλμῶν
355 1271 387 1342 ἐς
401 1269 462 1352 τήν
477 1271 589 1352 ψυχήν
611 1269 781 1351 καταρρεῖ·
804 1271 983 1352 ὀφθαλμὸς
1005 1273 1073 1353 γαρ
1100 1276 1186 1350 ὁδός
1208 1280 1332 1357 ἐρωτικῷ

153 1366 321 1450 τραύματι.
334 1369 357 1450 1)
401 1368 607 1450 Quamquam
630 1370 745 1433 similia
767 1389 871 1453 neque
894 1372 925 1435 in
938 1371 1049 1437 Plauti
1068 1394 1190 1459 neque
1205 1377 1330 1442 Terentii

153 1470 268 1536 tabulis
296 1469 519 1546 inveniuntur,
552 1472 662 1532 tamen
690 1471 830 1534 comicos
851 1471 973 1535 Atticos
1005 1474 1141 1540 talibus
1171 1478 1332 1542 luminibus

154 1592 228 1636 usos
257 1590 325 1635 esse
356 1569 467 1645 eredo,
502 1568 589 1650 quod
621 1570 709 1650 apud
738 1571 943 1653 Euripidem,
977 1593 1081 1654 quem
1118 1577 1217 1642 haud
1248 1576 1330 1642 semel

155 1672 271 1736 imitati
291 1674 376 1749 sunt,
400 1669 533 1750 legimus
556 1668 721 1752 Hippolyt.
743 1671 805 1733 525
822 1690 891 1755 sqq.

344 1766 439 1839 Ἔρως,
454 1763 547 1837 Ἔρως,
569 1761 584 1819 ὅ
603 1762 666 1820 κατ’
685 1764 819 1840 ὀμμάτων

350 1850 459 1916 στάζεις
477 1851 570 1906 πόθον
589 1853 708 1924 εἰςιίγων
727 1856 861 1924 γλυκεῖαν
944 1857 949 1867 ’

351 1945 453 2010 ψυχαῖς
468 1939 562 2011 χάριν,
581 1935 629 1999 οὓς
647 1937 857 2015 ἒπισιρατεύσῃ’

158 2027 330 2092 Praeterea
360 2045 487 2104 versus,
520 2027 575 2107 qui
604 2027 635 2090 in
664 2028 843 2109 appendice
872 2028 1059 2094 Florentina
1087 2031 1234 2101 Stobaei
1257 2035 1331 2113 bal

156 2131 216 2193 sub
248 2126 408 2192 Timothei
442 2127 608 2190 cuiusdam
640 2128 769 2191 nomine
800 2128 961 2208 feruntur,
1001 2128 1189 2199 Timotheo
1219 2136 1332 2200 comico

156 2228 255 2291 tribui
277 2230 420 2308 possunt.
449 2227 485 2290 K.
510 2229 541 2291 ll
563 2247 594 2308 p.
614 2227 676 2289 450

257 2373 259 2376 .
353 2319 417 2377 οὔθ’
435 2322 450 2376 ὅ
467 2319 606 2395 πτερωτὸς
626 2319 682 2382 tels
700 2318 835 2395 ὀμμάτων
848 2321 942 2396 Ἔρως,

351 2403 365 2462 ὅ
388 2408 532 2481 Κύπριδος
551 2408 679 2478 κυναγὸς,
701 2404 717 2480 ἦ
736 2410 846 2482 φρενῶν
865 2406 935 2477 ciale,

352 2489 367 2547 ὅ
384 2492 423 2567 μὴ
444 2498 527 2548 τίνων
546 2502 657 2548 θεοῖσιν
677 2492 778 2567 ὁρκίων
795 2497 882 2556 δίκας.

158 2583 318 2665 Denique,
349 2583 407 2647 etsi
435 2584 467 2646 in
490 2583 577 2646 nulla
599 2583 710 2647 fabula
732 2585 864 2665 palliata
886 2578 989 2648 simile
1012 2587 1204 2669 quidquam
1227 2596 1332 2663 exstat

158 2687 267 2746 tamen
296 2683 327 2746 in
357 2683 485 2747 Publilii
513 2684 585 2765 Syri
624 2684 838 2767 mimographi
874 2685 1038 2750 sententiis
1069 2691 1221 2754 occurrit
1251 2712 1281 2755 v.
1300 2692 1334 2754 lu

161 2780 223 2863 (ed.
245 2782 421 2864 Ribbeck):

354 2881 440 2936 Amor
457 2883 489 2933 ub
506 2880 619 2935 lacrima
636 2879 672 2933 ab
690 2881 768 2933 oeulo
787 2880 880 2941 oritur,
902 2881 931 2933 in
949 2883 1043 2950 peetus
1060 2880 1150 2936 eadit.

161 2969 275 3032 Mimos
297 2972 405 3031 autern
426 2968 547 3030 vicinos
564 2967 659 3030 luisse
681 2966 853 3030 comoediis
875 2967 950 3031 inde
972 2972 1118 3049 apparet,
1143 2973 1239 3052 quod
1261 2991 1336 3036 non·

162 3087 343 3149 numquam
364 3068 449 3131 idern
472 3068 644 3130 mimorum
668 3086 706 3129 ae
729 3066 911 3130 fabularum
935 3066 1141 3151 palliatarum
1164 3070 1254 3134 tituli
1276 3074 1336 3134 tra·

163 3169 293 3242 duntur,
308 3167 332 3240 2)
355 3187 454 3248 quam
477 3167 518 3230 ob
540 3168 722 3230 nemetiam
744 3167 871 3229 Publilii
884 3167 955 3248 Syri
977 3184 1087 3230 versus
1109 3167 1201 3233 valet
1224 3170 1269 3234 ad
1290 3169 1336 3233 fir-

164 3267 317 3329 mandam
331 3286 434 3329 meam
448 3266 642 3347 opinionem,
662 3285 725 3345 qua
740 3265 811 3328 dieo
824 3265 904 3328 tales
916 3265 1091 3329 sententias
1109 3284 1149 3328 ex
1163 3267 1338 3332 comoediis

165 3364 279 3427 Atticis
302 3366 333 3428 in
352 3364 469 3445 elegias
491 3347 782 3427 Alexandrinorum
807 3368 838 3427 et
861 3364 1082 3428 Romanorum
1107 3367 1308 3445 pervenisse.

247 3463 319 3540 Qua
341 3465 528 3545 quaestione
550 3465 592 3527 ad
615 3463 710 3526 finem
734 3465 890 3544 perducta
913 3463 1142 3544 proximum
1173 3470 1254 3544 est,
1287 3469 1339 3540 ul,

166 3562 264 3643 quid
298 3563 489 3626 homines
522 3568 602 3627 tam
637 3564 776 3626 subito
810 3584 951 3627 amore
984 3562 1097 3644 eapti
1132 3568 1270 3645 agant
1307 3567 1340 3628 et

167 3661 333 3739 dicant,
356 3662 603 3745 disseratur.
647 3663 779 3726 iuvenes
805 3664 934 3744 quidem
959 3665 1106 3727 amantes
1129 3664 1223 3743 apud
1246 3663 1342 3728 corni-

167 3781 221 3824 eos
252 3767 282 3824 et
313 3762 469 3841 elegiacos
500 3766 613 3846 poetas
643 3780 718 3824 mox
749 3762 898 3824 omnibus
929 3760 1123 3825 cruciatibus
1146 3764 1177 3824 et
1209 3762 1343 3826 miseriis

243 3940 268 4008 1)
286 3940 441 3994 Permultos
465 3941 622 3994 huiusmodi
645 3942 717 3994 locos
735 3944 928 4012 congesserunt
947 3941 1091 4010 Diltheyus
1109 3939 1231 4013 Cydipp.
1251 3963 1279 4014 p.
1299 3945 1344 3999 56:

176 4027 298 4081 Rohdius
317 4029 424 4082 Roman
443 4046 469 4097 p.
491 4029 590 4092 149,‘2;
610 4029 744 4083 lllallebius
761 4048 788 4098 p.
809 4029 849 4081 13.

238 4113 265 4180 2)
285 4113 325 4167 cf.
346 4112 459 4177 Sohanz,
480 4114 646 4170 Gesehiohte
665 4116 712 4169 der
730 4132 813 4170 roem.
832 4114 984 4168 Litteratur
1003 4113 1015 4166 l
1033 4132 1060 4188 p.
1079 4113 1135 4166 131.
