<?xml version="1.0" encoding="UTF-8"?>
<!DOCTYPE html PUBLIC "-//W3C//DTD XHTML 1.0 Transitional//EN"
    "http://www.w3.org/TR/xhtml1/DTD/xhtml1-transitional.dtd">
<html xmlns="http://www.w3.org/1999/xhtml" xml:lang="en" lang="en">
 <head>
  <title>
</title>
<meta http-equiv="Content-Type" content="text/html;charset=utf-8" />
  <meta name='ocr-system' content='tesseract 3.04.00' />
  <meta name='ocr-capabilities' content='ocr_page ocr_carea ocr_par ocr_line ocrx_word'/>
</head>
<body>
  <div class='ocr_page' id='page_1' title='image "./depoesiamatoria00hoelgoog_0011.png"; bbox 0 0 2910 4920; ppageno 0'>
   <div class='ocr_carea' id='block_1_1' title="bbox 728 336 912 399">
    <p class='ocr_par' dir='ltr' id='par_1_1' title="bbox 728 336 912 399">
     <span class='ocr_line' id='line_1_1' title="bbox 728 336 912 399; baseline 0.005 -21"><span class='ocrx_word' id='word_1_1' title='bbox 728 336 912 399; x_wconf 73' lang='grc'>,6-</span> 
     </span>
    </p>
   </div>
   <div class='ocr_carea' id='block_1_2' title="bbox 266 507 1137 911">
    <p class='ocr_par' dir='ltr' id='par_1_2' title="bbox 266 507 1137 911">
     <span class='ocr_line' id='line_1_2' title="bbox 266 507 563 578; baseline 0 -13"><span class='ocrx_word' id='word_1_2' title='bbox 266 511 347 578; x_wconf 90' lang='lat' dir='ltr'>Prop.</span> <span class='ocrx_word' id='word_1_3' title='bbox 367 507 404 562; x_wconf 85' lang='lat' dir='ltr'>IV</span> <span class='ocrx_word' id='word_1_4' title='bbox 422 509 487 572; x_wconf 81' lang='grc'>5,41</span> <span class='ocrx_word' id='word_1_5' title='bbox 505 527 563 578; x_wconf 87' lang='lat' dir='ltr'>sqq.</span> 
     </span>
     <span class='ocr_line' id='line_1_3' title="bbox 427 596 1066 665; baseline 0.002 -16"><span class='ocrx_word' id='word_1_6' title='bbox 427 613 478 651; x_wconf 89' lang='lat' dir='ltr'>nec</span> <span class='ocrx_word' id='word_1_7' title='bbox 494 599 523 651; x_wconf 91' lang='lat' dir='ltr'>te</span> <span class='ocrx_word' id='word_1_8' title='bbox 540 597 653 652; x_wconf 83' lang='lat' dir='ltr'>Medeae</span> <span class='ocrx_word' id='word_1_9' title='bbox 671 596 808 651; x_wconf 74' lang='lat' dir='ltr'>delectent</span> <span class='ocrx_word' id='word_1_10' title='bbox 826 596 926 665; x_wconf 89' lang='lat' dir='ltr'>probra</span> <span class='ocrx_word' id='word_1_11' title='bbox 944 597 1066 665; x_wconf 88' lang='lat' dir='ltr'>sequacis</span> 
     </span>
     <span class='ocr_line' id='line_1_4' title="bbox 481 682 1099 753; baseline -0.002 -17"><span class='ocrx_word' id='word_1_12' title='bbox 481 682 589 752; x_wconf 84' lang='lat' dir='ltr'>(nempe</span> <span class='ocrx_word' id='word_1_13' title='bbox 607 682 674 737; x_wconf 88' lang='lat' dir='ltr'>tulit</span> <span class='ocrx_word' id='word_1_14' title='bbox 691 683 785 744; x_wconf 84' lang='lat' dir='ltr'>fastus,</span> <span class='ocrx_word' id='word_1_15' title='bbox 804 699 871 737; x_wconf 86' lang='lat' dir='ltr'>ausa</span> <span class='ocrx_word' id='word_1_16' title='bbox 890 698 988 748; x_wconf 83' lang='lat' dir='ltr'>rogare</span> <span class='ocrx_word' id='word_1_17' title='bbox 1005 682 1099 753; x_wconf 72' lang='lat' dir='ltr'>prior),</span> 
     </span>
     <span class='ocr_line' id='line_1_5' title="bbox 431 768 1104 840; baseline -0.001 -17"><span class='ocrx_word' id='word_1_18' title='bbox 431 769 477 824; x_wconf 90' lang='lat' dir='ltr'>sed</span> <span class='ocrx_word' id='word_1_19' title='bbox 494 769 586 839; x_wconf 90' lang='lat' dir='ltr'>potius</span> <span class='ocrx_word' id='word_1_20' title='bbox 604 768 700 822; x_wconf 89' lang='lat' dir='ltr'>mundi</span> <span class='ocrx_word' id='word_1_21' title='bbox 718 768 802 824; x_wconf 83' lang='lat' dir='ltr'><strong>Thais</strong></span> <span class='ocrx_word' id='word_1_22' title='bbox 820 770 939 840; x_wconf 91' lang='lat' dir='ltr'>pretiosa</span> <span class='ocrx_word' id='word_1_23' title='bbox 955 770 1104 834; x_wconf 84' lang='lat' dir='ltr'>Menandri,</span> 
     </span>
     <span class='ocr_line' id='line_1_6' title="bbox 480 847 1137 911; baseline 0.002 -1"><span class='ocrx_word' id='word_1_24' title='bbox 480 873 543 910; x_wconf 92' lang='lat' dir='ltr'>cum</span> <span class='ocrx_word' id='word_1_25' title='bbox 561 855 626 910; x_wconf 85' lang='lat' dir='ltr'>ferit</span> <span class='ocrx_word' id='word_1_26' title='bbox 644 859 768 910; x_wconf 90' lang='lat' dir='ltr'>austeros</span> <span class='ocrx_word' id='word_1_27' title='bbox 784 856 867 910; x_wconf 90' lang='lat' dir='ltr'>comis</span> <span class='ocrx_word' id='word_1_28' title='bbox 885 857 974 911; x_wconf 85' lang='lat' dir='ltr'>amica</span> <span class='ocrx_word' id='word_1_29' title='bbox 993 856 1083 911; x_wconf 86' lang='lat' dir='ltr'>Getas.</span> <span class='ocrx_word' id='word_1_30' title='bbox 1132 847 1137 855; x_wconf 75' lang='grc'>’</span> 
     </span>
    </p>
   </div>
   <div class='ocr_carea' id='block_1_3' title="bbox 268 959 1163 1199">
    <p class='ocr_par' dir='ltr' id='par_1_3' title="bbox 268 959 1163 1199">
     <span class='ocr_line' id='line_1_7' title="bbox 268 959 637 1029; baseline -0.016 -12"><span class='ocrx_word' id='word_1_31' title='bbox 268 961 346 1018; x_wconf 90' lang='lat' dir='ltr'>Ovid.</span> <span class='ocrx_word' id='word_1_32' title='bbox 364 975 449 1014; x_wconf 88' lang='lat' dir='ltr'>amor.</span> <span class='ocrx_word' id='word_1_33' title='bbox 467 960 480 1012; x_wconf 95' lang='grc' dir='ltr'><strong>Ι</strong></span> <span class='ocrx_word' id='word_1_34' title='bbox 499 959 583 1029; x_wconf 81' lang='lat'>15,17</span> <span class='ocrx_word' id='word_1_35' title='bbox 597 976 637 1027; x_wconf 90' lang='lat' dir='ltr'>sq.</span> 
     </span>
     <span class='ocr_line' id='line_1_8' title="bbox 429 1044 1151 1120; baseline 0.01 -23"><span class='ocrx_word' id='word_1_36' title='bbox 429 1045 495 1098; x_wconf 89' lang='lat' dir='ltr'>dum</span> <span class='ocrx_word' id='word_1_37' title='bbox 513 1044 599 1099; x_wconf 83' lang='lat' dir='ltr'><strong>fallax</strong></span> <span class='ocrx_word' id='word_1_38' title='bbox 617 1061 718 1115; x_wconf 80' lang='lat' dir='ltr'>servus,</span> <span class='ocrx_word' id='word_1_39' title='bbox 736 1046 818 1100; x_wconf 89' lang='lat' dir='ltr'>durus</span> <span class='ocrx_word' id='word_1_40' title='bbox 836 1049 924 1116; x_wconf 85' lang='lat' dir='ltr'>pater,</span> <span class='ocrx_word' id='word_1_41' title='bbox 942 1048 1069 1120; x_wconf 91' lang='lat' dir='ltr'>improba</span> <span class='ocrx_word' id='word_1_42' title='bbox 1087 1049 1151 1105; x_wconf 89' lang='lat' dir='ltr'>lena</span> 
     </span>
     <span class='ocr_line' id='line_1_9' title="bbox 479 1131 1163 1199; baseline 0.01 -14"><span class='ocrx_word' id='word_1_43' title='bbox 479 1131 574 1186; x_wconf 86' lang='lat' dir='ltr'>vivent</span> <span class='ocrx_word' id='word_1_44' title='bbox 592 1135 621 1187; x_wconf 88' lang='lat' dir='ltr'>et</span> <span class='ocrx_word' id='word_1_45' title='bbox 639 1134 771 1194; x_wconf 75' lang='lat' dir='ltr'>meretrix</span> <span class='ocrx_word' id='word_1_46' title='bbox 788 1135 897 1199; x_wconf 84' lang='lat' dir='ltr'>blanda,</span> <span class='ocrx_word' id='word_1_47' title='bbox 920 1136 1085 1191; x_wconf 78' lang='lat' dir='ltr'>Menandros</span> <span class='ocrx_word' id='word_1_48' title='bbox 1103 1136 1163 1194; x_wconf 88' lang='lat' dir='ltr'>erit.</span> 
     </span>
    </p>
   </div>
   <div class='ocr_carea' id='block_1_4' title="bbox 268 1233 594 1304">
    <p class='ocr_par' dir='ltr' id='par_1_4' title="bbox 268 1233 594 1304">
     <span class='ocr_line' id='line_1_10' title="bbox 268 1233 594 1304; baseline -0.003 -14"><span class='ocrx_word' id='word_1_49' title='bbox 268 1233 345 1290; x_wconf 83' lang='lat' dir='ltr'>ovid.</span> <span class='ocrx_word' id='word_1_50' title='bbox 365 1236 416 1291; x_wconf 85' lang='lat' dir='ltr'>art.</span> <span class='ocrx_word' id='word_1_51' title='bbox 436 1234 475 1289; x_wconf 93' lang='lat' dir='ltr'>lll</span> <span class='ocrx_word' id='word_1_52' title='bbox 495 1235 544 1290; x_wconf 84' lang='lat'>331</span> <span class='ocrx_word' id='word_1_53' title='bbox 555 1254 594 1304; x_wconf 91' lang='lat' dir='ltr'>sq.</span> 
     </span>
    </p>
   </div>
   <div class='ocr_carea' id='block_1_5' title="bbox 430 1321 1160 1480">
    <p class='ocr_par' dir='ltr' id='par_1_5' title="bbox 430 1321 1160 1480">
     <span class='ocr_line' id='line_1_11' title="bbox 430 1321 1160 1395; baseline 0.004 -19"><span class='ocrx_word' id='word_1_54' title='bbox 430 1325 498 1377; x_wconf 87' lang='lat' dir='ltr'>nota</span> <span class='ocrx_word' id='word_1_55' title='bbox 515 1322 552 1376; x_wconf 90' lang='lat' dir='ltr'>sit</span> <span class='ocrx_word' id='word_1_56' title='bbox 570 1325 599 1378; x_wconf 88' lang='lat' dir='ltr'>et</span> <span class='ocrx_word' id='word_1_57' title='bbox 617 1321 728 1393; x_wconf 82' lang='lat' dir='ltr'>Sappho</span> <span class='ocrx_word' id='word_1_58' title='bbox 749 1321 827 1390; x_wconf 88' lang='lat' dir='ltr'>(quid</span> <span class='ocrx_word' id='word_1_59' title='bbox 845 1321 918 1375; x_wconf 92' lang='lat' dir='ltr'>enim</span> <span class='ocrx_word' id='word_1_60' title='bbox 937 1322 1063 1377; x_wconf 88' lang='lat' dir='ltr'>lascivius</span> <span class='ocrx_word' id='word_1_61' title='bbox 1082 1324 1160 1395; x_wconf 68' lang='lat' dir='ltr'>illul)</span> 
     </span>
     <span class='ocr_line' id='line_1_12' title="bbox 480 1407 1074 1480; baseline 0 -16"><span class='ocrx_word' id='word_1_62' title='bbox 480 1408 577 1478; x_wconf 89' lang='lat' dir='ltr'>cuique</span> <span class='ocrx_word' id='word_1_63' title='bbox 596 1411 676 1480; x_wconf 89' lang='lat' dir='ltr'>pater</span> <span class='ocrx_word' id='word_1_64' title='bbox 693 1408 765 1463; x_wconf 81' lang='lat' dir='ltr'>vafri</span> <span class='ocrx_word' id='word_1_65' title='bbox 783 1407 888 1463; x_wconf 89' lang='lat' dir='ltr'>luditur</span> <span class='ocrx_word' id='word_1_66' title='bbox 906 1412 966 1464; x_wconf 88' lang='lat' dir='ltr'>arte</span> <span class='ocrx_word' id='word_1_67' title='bbox 982 1410 1074 1466; x_wconf 81' lang='lat' dir='ltr'>Getae.</span> 
     </span>
    </p>
   </div>
   <div class='ocr_carea' id='block_1_6' title="bbox 218 1509 988 1666">
    <p class='ocr_par' dir='ltr' id='par_1_6' title="bbox 218 1509 988 1666">
     <span class='ocr_line' id='line_1_13' title="bbox 218 1509 555 1567; baseline -0.003 0"><span class='ocrx_word' id='word_1_68' title='bbox 218 1525 222 1532; x_wconf 87' lang='lat'>·</span> <span class='ocrx_word' id='word_1_69' title='bbox 267 1509 348 1566; x_wconf 84' lang='lat' dir='ltr'>Ovid.</span> <span class='ocrx_word' id='word_1_70' title='bbox 366 1513 418 1567; x_wconf 87' lang='lat' dir='ltr'>art.</span> <span class='ocrx_word' id='word_1_71' title='bbox 436 1511 477 1565; x_wconf 94' lang='lat' dir='ltr'>Ill</span> <span class='ocrx_word' id='word_1_72' title='bbox 495 1511 555 1566; x_wconf 84' lang='lat'><strong>604.</strong></span> 
     </span>
     <span class='ocr_line' id='line_1_14' title="bbox 427 1597 988 1666; baseline -0.004 -13"><span class='ocrx_word' id='word_1_73' title='bbox 427 1602 460 1655; x_wconf 91' lang='lat' dir='ltr'>ut</span> <span class='ocrx_word' id='word_1_74' title='bbox 476 1598 512 1654; x_wconf 88' lang='lat' dir='ltr'>sis</span> <span class='ocrx_word' id='word_1_75' title='bbox 530 1599 643 1655; x_wconf 88' lang='lat' dir='ltr'>liberior</span> <span class='ocrx_word' id='word_1_76' title='bbox 662 1597 776 1662; x_wconf 83' lang='lat' dir='ltr'>Thaide,</span> <span class='ocrx_word' id='word_1_77' title='bbox 794 1597 868 1666; x_wconf 84' lang='lat' dir='ltr'>linge</span> <span class='ocrx_word' id='word_1_78' title='bbox 886 1599 988 1651; x_wconf 89' lang='lat' dir='ltr'>metus!</span> 
     </span>
    </p>
   </div>
   <div class='ocr_carea' id='block_1_7' title="bbox 267 1700 1254 2103">
    <p class='ocr_par' dir='ltr' id='par_1_7' title="bbox 267 1700 1254 2103">
     <span class='ocr_line' id='line_1_15' title="bbox 267 1700 646 1772; baseline 0.003 -17"><span class='ocrx_word' id='word_1_79' title='bbox 267 1700 345 1756; x_wconf 86' lang='lat' dir='ltr'>Ovid.</span> <span class='ocrx_word' id='word_1_80' title='bbox 364 1703 464 1757; x_wconf 91' lang='lat' dir='ltr'>remed.</span> <span class='ocrx_word' id='word_1_81' title='bbox 484 1721 509 1756; x_wconf 89' lang='lat' dir='ltr'>v.</span> <span class='ocrx_word' id='word_1_82' title='bbox 527 1702 578 1756; x_wconf 84' lang='lat'>382</span> <span class='ocrx_word' id='word_1_83' title='bbox 587 1721 646 1772; x_wconf 86' lang='lat' dir='ltr'>sqq.</span> 
     </span>
     <span class='ocr_line' id='line_1_16' title="bbox 429 1787 1254 1859; baseline -0.001 -15"><span class='ocrx_word' id='word_1_84' title='bbox 429 1789 489 1858; x_wconf 91' lang='lat' dir='ltr'>quis</span> <span class='ocrx_word' id='word_1_85' title='bbox 507 1789 577 1844; x_wconf 86' lang='lat' dir='ltr'>feret</span> <span class='ocrx_word' id='word_1_86' title='bbox 594 1788 799 1843; x_wconf 82' lang='lat' dir='ltr'>Andromaches</span> <span class='ocrx_word' id='word_1_87' title='bbox 817 1789 994 1859; x_wconf 84' lang='lat' dir='ltr'>peragentem</span> <span class='ocrx_word' id='word_1_88' title='bbox 1013 1787 1121 1842; x_wconf 81' lang='lat' dir='ltr'>Thaida</span> <span class='ocrx_word' id='word_1_89' title='bbox 1138 1790 1254 1858; x_wconf 75' lang='lat' dir='ltr'>partes?</span> 
     </span>
     <span class='ocr_line' id='line_1_17' title="bbox 483 1872 1198 1945; baseline -0.001 -15"><span class='ocrx_word' id='word_1_90' title='bbox 483 1876 587 1945; x_wconf 85' lang='lat' dir='ltr'>peccat,</span> <span class='ocrx_word' id='word_1_91' title='bbox 605 1875 635 1928; x_wconf 90' lang='lat' dir='ltr'>in</span> <span class='ocrx_word' id='word_1_92' title='bbox 653 1872 845 1928; x_wconf 81' lang='lat' dir='ltr'>Andromache</span> <span class='ocrx_word' id='word_1_93' title='bbox 857 1872 964 1928; x_wconf 87' lang='lat' dir='ltr'>Thaida</span> <span class='ocrx_word' id='word_1_94' title='bbox 983 1874 1105 1943; x_wconf 91' lang='lat' dir='ltr'>quisquis</span> <span class='ocrx_word' id='word_1_95' title='bbox 1123 1877 1198 1943; x_wconf 86' lang='lat' dir='ltr'>agat.</span> 
     </span>
     <span class='ocr_line' id='line_1_18' title="bbox 430 1958 1157 2025; baseline 0 -10"><span class='ocrx_word' id='word_1_96' title='bbox 430 1960 514 2016; x_wconf 85' lang='lat' dir='ltr'>Thais</span> <span class='ocrx_word' id='word_1_97' title='bbox 531 1961 561 2015; x_wconf 89' lang='lat' dir='ltr'>in</span> <span class='ocrx_word' id='word_1_98' title='bbox 580 1963 639 2016; x_wconf 83' lang='lat' dir='ltr'>arte</span> <span class='ocrx_word' id='word_1_99' title='bbox 657 1963 758 2015; x_wconf 89' lang='lat' dir='ltr'>meast:</span> <span class='ocrx_word' id='word_1_100' title='bbox 783 1959 895 2015; x_wconf 88' lang='lat' dir='ltr'>lascivia</span> <span class='ocrx_word' id='word_1_101' title='bbox 912 1958 1000 2014; x_wconf 88' lang='lat' dir='ltr'>libera</span> <span class='ocrx_word' id='word_1_102' title='bbox 1016 1963 1157 2025; x_wconf 87' lang='lat' dir='ltr'>nostrast;</span> 
     </span>
     <span class='ocr_line' id='line_1_19' title="bbox 480 2045 1139 2103; baseline 0.005 -3"><span class='ocrx_word' id='word_1_103' title='bbox 480 2046 519 2100; x_wconf 91' lang='lat' dir='ltr'>nil</span> <span class='ocrx_word' id='word_1_104' title='bbox 537 2047 608 2100; x_wconf 91' lang='lat' dir='ltr'>mihi</span> <span class='ocrx_word' id='word_1_105' title='bbox 626 2064 688 2102; x_wconf 88' lang='lat' dir='ltr'>oum</span> <span class='ocrx_word' id='word_1_106' title='bbox 706 2046 792 2102; x_wconf 87' lang='lat' dir='ltr'>vitta:</span> <span class='ocrx_word' id='word_1_107' title='bbox 820 2045 903 2100; x_wconf 87' lang='lat' dir='ltr'>Thais</span> <span class='ocrx_word' id='word_1_108' title='bbox 918 2045 948 2100; x_wconf 88' lang='lat' dir='ltr'>in</span> <span class='ocrx_word' id='word_1_109' title='bbox 966 2049 1026 2101; x_wconf 81' lang='lat' dir='ltr'>arte</span> <span class='ocrx_word' id='word_1_110' title='bbox 1043 2049 1139 2103; x_wconf 82' lang='lat' dir='ltr'>meast.</span> 
     </span>
    </p>
   </div>
   <div class='ocr_carea' id='block_1_8' title="bbox 181 2149 1419 3602">
    <p class='ocr_par' dir='ltr' id='par_1_8' title="bbox 181 2149 1419 3602">
     <span class='ocr_line' id='line_1_20' title="bbox 268 2149 602 2218; baseline 0.003 -14"><span class='ocrx_word' id='word_1_111' title='bbox 268 2149 602 2218; x_wconf 56' lang='lat' dir='ltr'>mumumu</span> 
     </span>
     <span class='ocr_line' id='line_1_21' title="bbox 428 2232 1155 2306; baseline -0.004 -17"><span class='ocrx_word' id='word_1_112' title='bbox 428 2235 523 2290; x_wconf 84' lang='lat' dir='ltr'>fabula</span> <span class='ocrx_word' id='word_1_113' title='bbox 540 2235 651 2290; x_wconf 87' lang='lat' dir='ltr'>iucundi</span> <span class='ocrx_word' id='word_1_114' title='bbox 669 2235 745 2290; x_wconf 86' lang='lat' dir='ltr'>nulla</span> <span class='ocrx_word' id='word_1_115' title='bbox 762 2233 879 2290; x_wconf 89' lang='lat' dir='ltr'>estsine</span> <span class='ocrx_word' id='word_1_116' title='bbox 898 2250 990 2288; x_wconf 92' lang='lat' dir='ltr'>amore</span> <span class='ocrx_word' id='word_1_117' title='bbox 1009 2232 1155 2306; x_wconf 89' lang='lat' dir='ltr'>Menandri</span> 
     </span>
     <span class='ocr_line' id='line_1_22' title="bbox 483 2319 1078 2392; baseline -0.005 -15"><span class='ocrx_word' id='word_1_118' title='bbox 483 2324 511 2377; x_wconf 89' lang='lat' dir='ltr'>et</span> <span class='ocrx_word' id='word_1_119' title='bbox 529 2321 599 2377; x_wconf 91' lang='lat' dir='ltr'>solet</span> <span class='ocrx_word' id='word_1_120' title='bbox 616 2320 661 2376; x_wconf 92' lang='lat' dir='ltr'>hic</span> <span class='ocrx_word' id='word_1_121' title='bbox 678 2320 771 2392; x_wconf 89' lang='lat' dir='ltr'>pueris</span> <span class='ocrx_word' id='word_1_122' title='bbox 788 2319 995 2390; x_wconf 83' lang='lat' dir='ltr'>virginibusque</span> <span class='ocrx_word' id='word_1_123' title='bbox 1015 2319 1078 2388; x_wconf 90' lang='lat' dir='ltr'>legi.</span> 
     </span>
     <span class='ocr_line' id='line_1_23' title="bbox 234 2423 1417 2507; baseline 0.005 -20"><span class='ocrx_word' id='word_1_124' title='bbox 234 2423 358 2501; x_wconf 87' lang='lat' dir='ltr'>Quibus</span> <span class='ocrx_word' id='word_1_125' title='bbox 390 2425 468 2489; x_wconf 91' lang='lat' dir='ltr'>locis</span> <span class='ocrx_word' id='word_1_126' title='bbox 498 2425 675 2507; x_wconf 86' lang='lat' dir='ltr'>perspectis</span> <span class='ocrx_word' id='word_1_127' title='bbox 706 2425 795 2489; x_wconf 88' lang='lat' dir='ltr'>haud</span> <span class='ocrx_word' id='word_1_128' title='bbox 827 2425 933 2507; x_wconf 89' lang='lat' dir='ltr'>inepte</span> <span class='ocrx_word' id='word_1_129' title='bbox 963 2424 1100 2488; x_wconf 80' lang='lat' dir='ltr'>coniciet</span> <span class='ocrx_word' id='word_1_130' title='bbox 1129 2424 1293 2506; x_wconf 88' lang='lat' dir='ltr'>quispiam</span> <span class='ocrx_word' id='word_1_131' title='bbox 1330 2427 1417 2493; x_wconf 88' lang='lat' dir='ltr'>inter</span> 
     </span>
     <span class='ocr_line' id='line_1_24' title="bbox 235 2523 1414 2607; baseline 0.004 -20"><span class='ocrx_word' id='word_1_132' title='bbox 235 2524 340 2605; x_wconf 84' lang='lat' dir='ltr'>elegos</span> <span class='ocrx_word' id='word_1_133' title='bbox 362 2529 393 2589; x_wconf 91' lang='lat' dir='ltr'>et</span> <span class='ocrx_word' id='word_1_134' title='bbox 415 2527 598 2589; x_wconf 86' lang='lat' dir='ltr'>comoedias</span> <span class='ocrx_word' id='word_1_135' title='bbox 620 2527 843 2590; x_wconf 86' lang='lat' dir='ltr'>Romanorum</span> <span class='ocrx_word' id='word_1_136' title='bbox 874 2525 946 2587; x_wconf 91' lang='lat' dir='ltr'>ideo</span> <span class='ocrx_word' id='word_1_137' title='bbox 975 2523 1214 2587; x_wconf 89' lang='lat' dir='ltr'>similitudinem</span> <span class='ocrx_word' id='word_1_138' title='bbox 1237 2528 1414 2607; x_wconf 90' lang='lat' dir='ltr'>quandam</span> 
     </span>
     <span class='ocr_line' id='line_1_25' title="bbox 235 2623 1416 2706; baseline 0.004 -20"><span class='ocrx_word' id='word_1_139' title='bbox 235 2642 321 2701; x_wconf 90' lang='lat' dir='ltr'>esse,</span> <span class='ocrx_word' id='word_1_140' title='bbox 352 2626 438 2706; x_wconf 87' lang='lat' dir='ltr'>quod</span> <span class='ocrx_word' id='word_1_141' title='bbox 461 2625 622 2703; x_wconf 80' lang='lat' dir='ltr'>Tibullus,</span> <span class='ocrx_word' id='word_1_142' title='bbox 643 2624 844 2706; x_wconf 76' lang='lat' dir='ltr'>PropertiuS,</span> <span class='ocrx_word' id='word_1_143' title='bbox 873 2623 1007 2687; x_wconf 89' lang='lat' dir='ltr'>Ovidius</span> <span class='ocrx_word' id='word_1_144' title='bbox 1037 2643 1076 2688; x_wconf 88' lang='lat' dir='ltr'>ex</span> <span class='ocrx_word' id='word_1_145' title='bbox 1098 2623 1198 2687; x_wconf 88' lang='lat' dir='ltr'>isdem</span> <span class='ocrx_word' id='word_1_146' title='bbox 1223 2624 1416 2691; x_wconf 88' lang='lat' dir='ltr'>Atticorum</span> 
     </span>
     <span class='ocr_line' id='line_1_26' title="bbox 236 2723 1414 2806; baseline 0.003 -20"><span class='ocrx_word' id='word_1_147' title='bbox 236 2723 408 2788; x_wconf 89' lang='lat' dir='ltr'>comoediis</span> <span class='ocrx_word' id='word_1_148' title='bbox 428 2724 604 2802; x_wconf 84' lang='lat' dir='ltr'>hauserint,</span> <span class='ocrx_word' id='word_1_149' title='bbox 629 2743 710 2806; x_wconf 89' lang='lat' dir='ltr'>quas</span> <span class='ocrx_word' id='word_1_150' title='bbox 732 2723 797 2786; x_wconf 89' lang='lat' dir='ltr'>iam</span> <span class='ocrx_word' id='word_1_151' title='bbox 820 2723 922 2786; x_wconf 91' lang='lat' dir='ltr'>multo</span> <span class='ocrx_word' id='word_1_152' title='bbox 947 2726 1023 2786; x_wconf 89' lang='lat' dir='ltr'>ante</span> <span class='ocrx_word' id='word_1_153' title='bbox 1045 2723 1158 2786; x_wconf 91' lang='lat' dir='ltr'>comici</span> <span class='ocrx_word' id='word_1_154' title='bbox 1179 2723 1414 2791; x_wconf 88' lang='lat' dir='ltr'>Romanorum</span> 
     </span>
     <span class='ocr_line' id='line_1_27' title="bbox 236 2821 1415 2904; baseline 0.004 -19"><span class='ocrx_word' id='word_1_155' title='bbox 236 2826 352 2904; x_wconf 89' lang='lat' dir='ltr'>poetae</span> <span class='ocrx_word' id='word_1_156' title='bbox 379 2823 442 2886; x_wconf 90' lang='lat' dir='ltr'>siut</span> <span class='ocrx_word' id='word_1_157' title='bbox 472 2823 596 2887; x_wconf 87' lang='lat' dir='ltr'>imitati.</span> <span class='ocrx_word' id='word_1_158' title='bbox 640 2822 712 2886; x_wconf 91' lang='lat' dir='ltr'>Huc</span> <span class='ocrx_word' id='word_1_159' title='bbox 737 2822 877 2900; x_wconf 87' lang='lat' dir='ltr'>accedit,</span> <span class='ocrx_word' id='word_1_160' title='bbox 908 2821 995 2903; x_wconf 90' lang='lat' dir='ltr'>qnod</span> <span class='ocrx_word' id='word_1_161' title='bbox 1018 2822 1149 2903; x_wconf 84' lang='lat' dir='ltr'>elegiaci</span> <span class='ocrx_word' id='word_1_162' title='bbox 1178 2821 1415 2890; x_wconf 88' lang='lat' dir='ltr'>Romanorum</span> 
     </span>
     <span class='ocr_line' id='line_1_28' title="bbox 236 2921 1416 3008; baseline 0.005 -23"><span class='ocrx_word' id='word_1_163' title='bbox 236 2927 352 3003; x_wconf 89' lang='lat' dir='ltr'>poetae</span> <span class='ocrx_word' id='word_1_164' title='bbox 381 2923 479 2986; x_wconf 92' lang='lat' dir='ltr'>etiam</span> <span class='ocrx_word' id='word_1_165' title='bbox 514 2929 586 2985; x_wconf 85' lang='lat' dir='ltr'>cum</span> <span class='ocrx_word' id='word_1_166' title='bbox 621 2922 807 3003; x_wconf 84' lang='lat' dir='ltr'>fragmentis</span> <span class='ocrx_word' id='word_1_167' title='bbox 840 2922 1036 2985; x_wconf 87' lang='lat' dir='ltr'>comicorum</span> <span class='ocrx_word' id='word_1_168' title='bbox 1066 2921 1246 2986; x_wconf 87' lang='lat' dir='ltr'>Atticorum</span> <span class='ocrx_word' id='word_1_169' title='bbox 1267 2927 1416 3008; x_wconf 84' lang='lat' dir='ltr'>saepius</span> 
     </span>
     <span class='ocr_line' id='line_1_29' title="bbox 238 3021 1415 3105; baseline 0.005 -21"><span class='ocrx_word' id='word_1_170' title='bbox 238 3021 451 3084; x_wconf 91' lang='lat' dir='ltr'>consentiunt.</span> <span class='ocrx_word' id='word_1_171' title='bbox 495 3021 620 3085; x_wconf 89' lang='lat' dir='ltr'>Tamen</span> <span class='ocrx_word' id='word_1_172' title='bbox 644 3041 712 3085; x_wconf 88' lang='lat' dir='ltr'>rem</span> <span class='ocrx_word' id='word_1_173' title='bbox 735 3021 780 3084; x_wconf 84' lang='lat' dir='ltr'>ita</span> <span class='ocrx_word' id='word_1_174' title='bbox 802 3039 870 3084; x_wconf 88' lang='lat' dir='ltr'>esse</span> <span class='ocrx_word' id='word_1_175' title='bbox 894 3041 958 3084; x_wconf 91' lang='lat' dir='ltr'>non</span> <span class='ocrx_word' id='word_1_176' title='bbox 981 3022 1121 3099; x_wconf 86' lang='lat' dir='ltr'>credam,</span> <span class='ocrx_word' id='word_1_177' title='bbox 1144 3041 1219 3085; x_wconf 90' lang='lat' dir='ltr'>nam</span> <span class='ocrx_word' id='word_1_178' title='bbox 1236 3021 1415 3105; x_wconf 89' lang='lat' dir='ltr'>Propertio</span> 
     </span>
     <span class='ocr_line' id='line_1_30' title="bbox 239 3119 1417 3202; baseline 0.007 -21"><span class='ocrx_word' id='word_1_179' title='bbox 239 3124 271 3184; x_wconf 86' lang='lat' dir='ltr'>et</span> <span class='ocrx_word' id='word_1_180' title='bbox 282 3119 407 3198; x_wconf 81' lang='lat' dir='ltr'>Ouidio,</span> <span class='ocrx_word' id='word_1_181' title='bbox 427 3120 481 3201; x_wconf 88' lang='lat' dir='ltr'>qui</span> <span class='ocrx_word' id='word_1_182' title='bbox 494 3141 620 3202; x_wconf 89' lang='lat' dir='ltr'>semper</span> <span class='ocrx_word' id='word_1_183' title='bbox 632 3120 865 3185; x_wconf 83' lang='lat' dir='ltr'>Callimachum</span> <span class='ocrx_word' id='word_1_184' title='bbox 883 3124 914 3183; x_wconf 90' lang='lat' dir='ltr'>et</span> <span class='ocrx_word' id='word_1_185' title='bbox 927 3119 1085 3184; x_wconf 90' lang='lat' dir='ltr'>Philetam</span> <span class='ocrx_word' id='word_1_186' title='bbox 1103 3121 1236 3184; x_wconf 90' lang='lat' dir='ltr'>summis</span> <span class='ocrx_word' id='word_1_187' title='bbox 1256 3121 1417 3189; x_wconf 87' lang='lat' dir='ltr'>laudibus</span> 
     </span>
     <span class='ocr_line' id='line_1_31' title="bbox 240 3219 1416 3305; baseline 0.004 -22"><span class='ocrx_word' id='word_1_188' title='bbox 240 3221 357 3284; x_wconf 90' lang='lat' dir='ltr'>tollunt</span> <span class='ocrx_word' id='word_1_189' title='bbox 386 3220 624 3302; x_wconf 88' lang='lat' dir='ltr'>imitandosque</span> <span class='ocrx_word' id='word_1_190' title='bbox 654 3221 712 3284; x_wconf 90' lang='lat' dir='ltr'>sihi</span> <span class='ocrx_word' id='word_1_191' title='bbox 740 3222 946 3301; x_wconf 90' lang='lat' dir='ltr'>proponunt,</span> <span class='ocrx_word' id='word_1_192' title='bbox 976 3219 1269 3284; x_wconf 88' lang='lat' dir='ltr'>Alexandrinorum</span> <span class='ocrx_word' id='word_1_193' title='bbox 1302 3222 1416 3305; x_wconf 87' lang='lat' dir='ltr'>elegos</span> 
     </span>
     <span class='ocr_line' id='line_1_32' title="bbox 181 3311 1416 3400; baseline 0.003 -17"><span class='ocrx_word' id='word_1_194' title='bbox 181 3311 185 3317; x_wconf 68' lang='grc'><strong>’</strong></span> <span class='ocrx_word' id='word_1_195' title='bbox 241 3321 415 3384; x_wconf 87' lang='lat' dir='ltr'>amatorios</span> <span class='ocrx_word' id='word_1_196' title='bbox 438 3325 513 3384; x_wconf 90' lang='lat' dir='ltr'>ante</span> <span class='ocrx_word' id='word_1_197' title='bbox 534 3320 644 3384; x_wconf 88' lang='lat' dir='ltr'>oculos</span> <span class='ocrx_word' id='word_1_198' title='bbox 666 3319 764 3382; x_wconf 86' lang='lat' dir='ltr'>fuisse</span> <span class='ocrx_word' id='word_1_199' title='bbox 786 3318 988 3400; x_wconf 82' lang='lat' dir='ltr'>exipsorum</span> <span class='ocrx_word' id='word_1_200' title='bbox 1012 3320 1193 3383; x_wconf 89' lang='lat' dir='ltr'>certissimis</span> <span class='ocrx_word' id='word_1_201' title='bbox 1215 3321 1416 3386; x_wconf 88' lang='lat' dir='ltr'>testimoniis</span> 
     </span>
     <span class='ocr_line' id='line_1_33' title="bbox 240 3418 1416 3500; baseline 0.004 -18"><span class='ocrx_word' id='word_1_202' title='bbox 240 3419 351 3483; x_wconf 85' lang='lat' dir='ltr'>elucet.</span> <span class='ocrx_word' id='word_1_203' title='bbox 366 3418 389 3499; x_wconf 86' lang='lat'>¹)</span> <span class='ocrx_word' id='word_1_204' title='bbox 432 3419 577 3482; x_wconf 91' lang='lat' dir='ltr'>Tibullus</span> <span class='ocrx_word' id='word_1_205' title='bbox 596 3438 734 3500; x_wconf 87' lang='lat' dir='ltr'>quoque,</span> <span class='ocrx_word' id='word_1_206' title='bbox 758 3438 958 3499; x_wconf 88' lang='lat' dir='ltr'>quamquam</span> <span class='ocrx_word' id='word_1_207' title='bbox 978 3419 1101 3482; x_wconf 88' lang='lat' dir='ltr'>nullum</span> <span class='ocrx_word' id='word_1_208' title='bbox 1114 3419 1272 3483; x_wconf 88' lang='lat' dir='ltr'>Graecum</span> <span class='ocrx_word' id='word_1_209' title='bbox 1297 3427 1416 3486; x_wconf 88' lang='lat' dir='ltr'>aucto·</span> 
     </span>
     <span class='ocr_line' id='line_1_34' title="bbox 240 3518 1419 3602; baseline 0.003 -20"><span class='ocrx_word' id='word_1_210' title='bbox 240 3538 308 3582; x_wconf 90' lang='lat' dir='ltr'>rem</span> <span class='ocrx_word' id='word_1_211' title='bbox 339 3518 451 3581; x_wconf 89' lang='lat' dir='ltr'>laudat</span> <span class='ocrx_word' id='word_1_212' title='bbox 495 3538 599 3600; x_wconf 87' lang='lat' dir='ltr'>neque</span> <span class='ocrx_word' id='word_1_213' title='bbox 632 3522 758 3581; x_wconf 87' lang='lat' dir='ltr'>tantam</span> <span class='ocrx_word' id='word_1_214' title='bbox 788 3518 1027 3582; x_wconf 85' lang='lat' dir='ltr'>Alexandrinae</span> <span class='ocrx_word' id='word_1_215' title='bbox 1066 3519 1232 3583; x_wconf 86' lang='lat' dir='ltr'>doctrinae</span> <span class='ocrx_word' id='word_1_216' title='bbox 1271 3521 1419 3602; x_wconf 88' lang='lat' dir='ltr'>speciem</span> 
     </span>
    </p>
   </div>
   <div class='ocr_carea' id='block_1_9' title="bbox 239 3712 1424 4212">
    <p class='ocr_par' dir='ltr' id='par_1_9' title="bbox 239 3712 1424 4212">
     <span class='ocr_line' id='line_1_35' title="bbox 311 3712 1422 3787; baseline 0.008 -23"><span class='ocrx_word' id='word_1_217' title='bbox 311 3714 335 3780; x_wconf 92' lang='lat' dir='ltr'>l)</span> <span class='ocrx_word' id='word_1_218' title='bbox 355 3712 434 3783; x_wconf 89' lang='lat' dir='ltr'>Prop.</span> <span class='ocrx_word' id='word_1_219' title='bbox 455 3714 476 3766; x_wconf 98' lang='lat' dir='ltr'>ll</span> <span class='ocrx_word' id='word_1_220' title='bbox 498 3714 521 3781; x_wconf 94' lang='lat' dir='ltr'>l,</span> <span class='ocrx_word' id='word_1_221' title='bbox 536 3713 569 3766; x_wconf 82' lang='grc'>40</span> <span class='ocrx_word' id='word_1_222' title='bbox 584 3731 623 3781; x_wconf 90' lang='lat' dir='ltr'>sq.</span> <span class='ocrx_word' id='word_1_223' title='bbox 651 3715 731 3783; x_wconf 89' lang='lat' dir='ltr'>Prop.</span> <span class='ocrx_word' id='word_1_224' title='bbox 750 3713 774 3766; x_wconf 95' lang='lat' dir='ltr'>ll</span> <span class='ocrx_word' id='word_1_225' title='bbox 795 3714 835 3778; x_wconf 83' lang='lat'>34,</span> <span class='ocrx_word' id='word_1_226' title='bbox 854 3714 884 3767; x_wconf 83' lang='lat'>31</span> <span class='ocrx_word' id='word_1_227' title='bbox 903 3732 942 3782; x_wconf 89' lang='lat' dir='ltr'>sq.</span> <span class='ocrx_word' id='word_1_228' title='bbox 974 3713 1054 3784; x_wconf 88' lang='lat' dir='ltr'>Prop.</span> <span class='ocrx_word' id='word_1_229' title='bbox 1075 3712 1113 3766; x_wconf 94' lang='lat' dir='ltr'>lll</span> <span class='ocrx_word' id='word_1_230' title='bbox 1134 3714 1156 3777; x_wconf 94' lang='lat'>1,</span> <span class='ocrx_word' id='word_1_231' title='bbox 1175 3714 1188 3766; x_wconf 93' lang='lat'>1</span> <span class='ocrx_word' id='word_1_232' title='bbox 1206 3731 1245 3782; x_wconf 91' lang='lat' dir='ltr'>sq.</span> <span class='ocrx_word' id='word_1_233' title='bbox 1274 3714 1362 3787; x_wconf 87' lang='lat' dir='ltr'>Prop.</span> <span class='ocrx_word' id='word_1_234' title='bbox 1384 3719 1422 3773; x_wconf 95' lang='lat' dir='ltr'>lll</span> 
     </span>
     <span class='ocr_line' id='line_1_36' title="bbox 239 3798 1421 3870; baseline 0.007 -18"><span class='ocrx_word' id='word_1_235' title='bbox 239 3799 264 3867; x_wconf 85' lang='lat'>3,</span> <span class='ocrx_word' id='word_1_236' title='bbox 278 3800 309 3852; x_wconf 85' lang='grc'>51</span> <span class='ocrx_word' id='word_1_237' title='bbox 322 3817 361 3866; x_wconf 91' lang='lat' dir='ltr'>sq.</span> <span class='ocrx_word' id='word_1_238' title='bbox 390 3798 471 3869; x_wconf 90' lang='lat' dir='ltr'>Prop.</span> <span class='ocrx_word' id='word_1_239' title='bbox 493 3800 532 3852; x_wconf 91' lang='lat' dir='ltr'>lll</span> <span class='ocrx_word' id='word_1_240' title='bbox 558 3801 627 3868; x_wconf 87' lang='lat'>9,43</span> <span class='ocrx_word' id='word_1_241' title='bbox 644 3819 684 3869; x_wconf 86' lang='lat' dir='ltr'>sq.</span> <span class='ocrx_word' id='word_1_242' title='bbox 713 3802 794 3870; x_wconf 84' lang='lat' dir='ltr'>Prop.</span> <span class='ocrx_word' id='word_1_243' title='bbox 814 3801 851 3853; x_wconf 87' lang='lat' dir='ltr'>IV</span> <span class='ocrx_word' id='word_1_244' title='bbox 879 3802 943 3858; x_wconf 68' lang='lat' dir='ltr'>tol</span> <span class='ocrx_word' id='word_1_245' title='bbox 960 3819 1008 3869; x_wconf 74' lang='lat' dir='ltr'>sq,</span> <span class='ocrx_word' id='word_1_246' title='bbox 1037 3801 1116 3870; x_wconf 90' lang='lat' dir='ltr'>Prop.</span> <span class='ocrx_word' id='word_1_247' title='bbox 1136 3801 1172 3853; x_wconf 91' lang='lat' dir='ltr'>lV</span> <span class='ocrx_word' id='word_1_248' title='bbox 1200 3801 1249 3870; x_wconf 84' lang='lat'>6,2</span> <span class='ocrx_word' id='word_1_249' title='bbox 1267 3819 1308 3870; x_wconf 90' lang='lat' dir='ltr'>sq.</span> <span class='ocrx_word' id='word_1_250' title='bbox 1338 3804 1421 3860; x_wconf 89' lang='lat' dir='ltr'>Ovid.</span> 
     </span>
     <span class='ocr_line' id='line_1_37' title="bbox 242 3885 1423 3956; baseline 0.007 -18"><span class='ocrx_word' id='word_1_251' title='bbox 242 3886 352 3938; x_wconf 87' lang='lat' dir='ltr'>amor.l</span> <span class='ocrx_word' id='word_1_252' title='bbox 375 3885 508 3954; x_wconf 83' lang='lat' dir='ltr'>15,13sq.</span> <span class='ocrx_word' id='word_1_253' title='bbox 534 3903 619 3940; x_wconf 86' lang='lat' dir='ltr'>umor.</span> <span class='ocrx_word' id='word_1_254' title='bbox 639 3886 663 3938; x_wconf 95' lang='lat' dir='ltr'>ll</span> <span class='ocrx_word' id='word_1_255' title='bbox 684 3887 708 3950; x_wconf 90' lang='lat'>4,</span> <span class='ocrx_word' id='word_1_256' title='bbox 722 3887 800 3955; x_wconf 86' lang='lat' dir='ltr'>l9sq.</span> <span class='ocrx_word' id='word_1_257' title='bbox 821 3890 871 3941; x_wconf 87' lang='lat' dir='ltr'>art.</span> <span class='ocrx_word' id='word_1_258' title='bbox 889 3888 928 3939; x_wconf 96' lang='lat' dir='ltr'>lll</span> <span class='ocrx_word' id='word_1_259' title='bbox 945 3888 996 3942; x_wconf 80' lang='lat'>329</span> <span class='ocrx_word' id='word_1_260' title='bbox 1006 3906 1045 3956; x_wconf 85' lang='lat' dir='ltr'>sq.</span> <span class='ocrx_word' id='word_1_261' title='bbox 1065 3887 1165 3942; x_wconf 90' lang='lat' dir='ltr'>remed.</span> <span class='ocrx_word' id='word_1_262' title='bbox 1185 3888 1233 3941; x_wconf 63' lang='lat'>281</span> <span class='ocrx_word' id='word_1_263' title='bbox 1245 3905 1286 3956; x_wconf 87' lang='lat' dir='ltr'>sq.</span> <span class='ocrx_word' id='word_1_264' title='bbox 1314 3892 1423 3947; x_wconf 85' lang='lat' dir='ltr'>remed.</span> 
     </span>
     <span class='ocr_line' id='line_1_38' title="bbox 242 3963 1424 4042; baseline 0.009 -19"><span class='ocrx_word' id='word_1_265' title='bbox 242 3963 1424 4042; x_wconf 52' lang='lat' dir='ltr'>mummmmmmmummmwmmfflm</span> 
     </span>
     <span class='ocr_line' id='line_1_39' title="bbox 249 4052 1424 4128; baseline 0.01 -18"><span class='ocrx_word' id='word_1_266' title='bbox 249 4058 333 4112; x_wconf 89' lang='lat' dir='ltr'>addas</span> <span class='ocrx_word' id='word_1_267' title='bbox 352 4058 450 4112; x_wconf 80' lang='lat' dir='ltr'>Catull.</span> <span class='ocrx_word' id='word_1_268' title='bbox 470 4058 539 4111; x_wconf 86' lang='lat' dir='ltr'>LXV</span> <span class='ocrx_word' id='word_1_269' title='bbox 566 4060 605 4127; x_wconf 78' lang='lat' dir='ltr'>lo,</span> <span class='ocrx_word' id='word_1_270' title='bbox 625 4060 723 4113; x_wconf 73' lang='lat' dir='ltr'>Catull.</span> <span class='ocrx_word' id='word_1_271' title='bbox 744 4061 828 4114; x_wconf 75' lang='lat' dir='ltr'>CXVI</span> <span class='ocrx_word' id='word_1_272' title='bbox 847 4052 870 4114; x_wconf 71' lang='lat'>2.</span> <span class='ocrx_word' id='word_1_273' title='bbox 890 4061 973 4114; x_wconf 85' lang='lat' dir='ltr'>Statii</span> <span class='ocrx_word' id='word_1_274' title='bbox 985 4061 1043 4114; x_wconf 89' lang='lat' dir='ltr'>silv.</span> <span class='ocrx_word' id='word_1_275' title='bbox 1060 4060 1067 4112; x_wconf 94' lang='lat' dir='ltr'>l</span> <span class='ocrx_word' id='word_1_276' title='bbox 1084 4061 1169 4125; x_wconf 58' lang='lat'>2952</span> <span class='ocrx_word' id='word_1_277' title='bbox 1183 4079 1223 4128; x_wconf 86' lang='lat' dir='ltr'>sq.</span> <span class='ocrx_word' id='word_1_278' title='bbox 1252 4059 1424 4126; x_wconf 77' lang='lat' dir='ltr'>Quintilian.</span> 
     </span>
     <span class='ocr_line' id='line_1_40' title="bbox 246 4144 692 4212; baseline 0.004 -16"><span class='ocrx_word' id='word_1_279' title='bbox 246 4145 309 4197; x_wconf 88' lang='lat' dir='ltr'>inst.</span> <span class='ocrx_word' id='word_1_280' title='bbox 335 4161 373 4198; x_wconf 94' lang='lat' dir='ltr'>or.</span> <span class='ocrx_word' id='word_1_281' title='bbox 393 4144 418 4197; x_wconf 89' lang='lat' dir='ltr'>X</span> <span class='ocrx_word' id='word_1_282' title='bbox 440 4146 505 4212; x_wconf 80' lang='lat' dir='ltr'>l,58</span> <span class='ocrx_word' id='word_1_283' title='bbox 524 4151 553 4200; x_wconf 82' lang='lat' dir='ltr'>et</span> <span class='ocrx_word' id='word_1_284' title='bbox 570 4147 597 4198; x_wconf 85' lang='lat' dir='ltr'>X</span> <span class='ocrx_word' id='word_1_285' title='bbox 618 4146 692 4212; x_wconf 84' lang='lat'>1,93.</span> 
     </span>
    </p>
   </div>
   <div class='ocr_carea' id='block_1_10' title="bbox 0 0 1478 4920">
    <p class='ocr_par' dir='ltr' id='par_1_10' title="bbox 0 0 1478 4920">
     <span class='ocr_line' id='line_1_41' title="bbox 0 0 1478 4920; baseline 0 0"><span class='ocrx_word' id='word_1_286' title='bbox 0 0 1478 4920; x_wconf 95' lang='lat' dir='ltr'> </span> 
     </span>
    </p>
   </div>
  </div>
 </body>
</html>
