2902 4914
617 313 823 374 -51-

151 488 247 543 Plaut.
267 487 379 542 Poenul.
401 487 450 539 140
460 503 499 554 sq.

317 591 412 629 amans
430 590 478 642 per
497 588 618 627 amorem
645 571 666 625 si
686 572 752 640 quid
771 572 830 635 feci,
856 573 982 644 Milphio,

316 661 456 731 ignoscere
474 660 503 712 id
520 664 549 714 te
567 659 635 713 mihi
654 676 770 727 aequom
790 663 839 714 est.

147 752 243 805 Plaut.
265 751 398 802 Mercator
417 747 466 799 317
481 765 539 816 sqq.

435 834 504 887 nihil
523 834 646 903 estium,
665 834 737 902 quod
756 837 787 887 tn
806 834 874 887 mihi
892 851 1055 904 suscenseas,

314 924 400 978 fecere
418 922 476 976 tale
493 925 558 976 ante
576 921 624 976 alii
642 920 761 992 spectati
781 921 840 975 viri.

314 1010 465 1064 humanum
483 1012 625 1072 amareest,
644 1009 796 1062 humanum
815 1012 908 1063 autem
927 1009 1111 1080 ignoscerest.=

112 1097 151 1154 Jf.
159 1100 254 1154 Plaut.
265 1097 362 1151 Bacch.
374 1097 442 1150 1014
452 1114 508 1164 sqq.
528 1096 636 1149 Terent.
647 1095 768 1150 Munnoh.
781 1097 831 1148 877
842 1114 900 1164 sqq.
919 1096 1029 1152 Terent.
1040 1098 1156 1168 Adelph.
1167 1099 1216 1153 687
1227 1117 1287 1168 sqq.

117 1209 178 1253 am
212 1187 328 1251 eadem
350 1185 390 1248 de
413 1205 510 1248 causa
533 1185 563 1246 in
588 1185 747 1266 Propertii
777 1191 808 1248 et
838 1185 944 1250 Ovidii
974 1187 1170 1252 carminibus
1193 1188 1287 1252 venia

112 1295 139 1354 rt
165 1287 291 1371 petitur
308 1290 339 1350 et
360 1286 472 1350 datur:

143 1389 232 1457 Prop.
250 1386 277 1439 ΙΙ
295 1386 338 1454 30,
354 1385 388 1437 24

312 1473 363 1526 hoc
380 1472 403 1526 si
421 1472 523 1527 crimen
543 1471 603 1539 erit,
623 1470 726 1525 crimen
745 1470 852 1524 Amoris
870 1469 936 1525 erit:

394 1558 432 1612 mi
450 1576 530 1613 nemo
549 1558 660 1614 obiciat.

143 1648 226 1703 Ovid.
249 1646 351 1700 heroid¹
372 1646 424 1698 VII
445 1648 492 1700 163
503 1665 543 1715 sq.

309 1750 399 1802 parce,
418 1750 522 1803 precor,
542 1733 643 1797 domui,
663 1749 778 1800 quaese
797 1731 849 1786 tibi
869 1730 955 1785 tradit
972 1730 1144 1785 habendam!

360 1820 433 1888 quod
452 1820 557 1874 crimen
575 1820 643 1875 dicis
661 1824 770 1891 praeter
789 1835 893 1873 amasse
914 1817 1026 1872 meum?

140 1909 225 1963 Ovid.
247 1906 350 1962 heroid.
369 1907 435 1961 VIII
457 1907 489 1960 37
506 1925 545 1976 sq.

309 1998 338 2050 et
354 1998 434 2064 pater
452 1995 575 2065 ignoscet
593 1998 687 2050 nostro
706 1995 846 2049 Menelaus
864 1994 960 2058 amori,

359 2082 502 2137 succubuit
519 2083 581 2136 telis
600 2083 737 2153 praepetis
755 2082 812 2152 ipse
831 2081 883 2135 dei.

139 2169 224 2224 Ovid.
244 2168 347 2223 heroid.
365 2169 429 2222 XVI
447 2169 546 2237 (XVII)
565 2171 598 2223 35
612 2188 651 2238 sq.

307 2273 355 2311 nec
374 2259 468 2310 tamen
486 2256 587 2311 irascor
605 2258 677 2325 (quis
695 2257 768 2312 enim
788 2260 926 2312 succenset
944 2254 1079 2323 amantii)

356 2343 380 2396 si
399 2344 488 2413 modo,
507 2361 589 2412 quem
608 2345 737 2414 praefers,
758 2363 813 2400 non
832 2345 975 2400 simulatus
993 2359 1078 2398 amor.

138 2428 225 2485 Ovid.
244 2429 347 2484 heroid.
366 2430 460 2484 XVIII
481 2432 571 2500 (XIX)
591 2432 608 2484 4

356 2519 392 2572 da
411 2518 519 2573 veniam
536 2518 636 2574 fassae:
662 2535 717 2571 non
736 2519 874 2588 patienter
892 2537 962 2574 amo.

192 2623 339 2705 Demque
372 2626 445 2689 item
478 2631 513 2688 ut
544 2626 575 2688 in
606 2625 711 2688 Plauti
734 2625 909 2688 Mercatore
932 2627 993 2689 314
1018 2629 1048 2688 et
1077 2626 1109 2688 in
1138 2621 1280 2688 Terentii

112 2724 266 2806 &delphis
288 2726 348 2788 887
371 2726 459 2806 apud
482 2725 690 2790 Heliodorum
710 2725 876 2789 Charicles
905 2728 1053 2787 monetur
1075 2724 1138 2787 iam
1160 2723 1278 2787 multos

112 2825 190 2889 ilios
212 2824 314 2887 bonos
343 2823 490 2888 homines
517 2827 618 2888 amori
648 2826 869 2889 succubuisse:
901 2823 1025 2887 Heliod.
1049 2824 1089 2886 lV
1115 2824 1215 2899 lul—l
1237 2823 1278 2887 σύ

112 2928 167 2987 adr·
191 2921 267 2985 ἴσθι
288 2923 333 3006 μή
356 2919 441 3003 μόνη
464 2925 517 2985 καὶ
542 2923 654 3003 πρώτη
677 2924 715 2984 cd
739 2922 852 2996 πάθος
881 2921 1074 3000 decursione,
1108 2923 1192 2987 atta
1216 2923 1278 2986 σύν

112 3021 245 3094 coitate
267 3026 328 3100 μὲν
350 3023 474 3102 γυναιξὶ
498 3027 562 3084 τῶν
586 3020 769 3107 ἐπισήμων,
793 3023 857 3086 osia
880 3021 1016 3094 πολλαῖς
1038 3021 1075 3083 δὲ
1097 3027 1278 3101 παρθένοις

112 3126 170 3183 σῶν
192 3111 296 3184 τᾶλλα
319 3118 509 3203 σωφρόνων.
1124 3123 1129 3134 ’

191 3221 456 3285 Contumaciores
472 3226 579 3286 autem
596 3226 670 3286 sunt
690 3221 920 3297 adulescentes,
943 3219 998 3301 qui
1014 3238 1157 3282 amorem
1180 3239 1274 3284 suum

112 3321 296 3386 ›rofitentur
317 3320 350 3384 in
371 3321 511 3385 Terentii
533 3323 656 3385 Andria
676 3323 754 3386 896:

171 3435 225 3486 ego
244 3436 287 3473 me
306 3435 399 3473 amare
419 3419 490 3474 hanc
508 3420 610 3485 fateor;
636 3421 659 3474 si
678 3420 705 3473 id
724 3424 876 3489 peccarent.
896 3417 986 3471 fateor
1006 3417 1034 3469 id
1052 3432 1168 3485 qnoque,

112 3513 131 3572 ÷t
155 3509 189 3571 in
212 3506 379 3572 Menandri
401 3508 513 3588 fragm.
537 3508 647 3572 incert.
670 3511 740 3584 858,
763 3509 800 3572 Κ.
824 3508 863 3570 Ill
885 3527 915 3587 p.
939 3505 1015 3568 8791

306 3600 318 3618 u

301 3624 375 3676 ηρων
393 3603 458 3676 γάρ,
479 3603 560 3675 ἤρων,
581 3600 715 3676 ὁμολογῶ
736 3607 783 3658 καὶ
801 3605 853 3657 νῦν
871 3601 900 3655 δ’
919 3601 979 3674 ἐρῶ.

112 3695 163 3759 ted
187 3694 384 3774 pertinaciae
405 3695 508 3757 socios
531 3695 662 3771 habent,
687 3696 719 3758 ni
742 3696 842 3771 fallor,
866 3711 1020 3773 magnum
1038 3689 1271 3753 Callimachum

112 3797 235 3874 iusque
256 3796 447 3856 sectatorem
471 3795 639 3859 OvIdium:

135 3890 402 3961 Callimachiepigr.
423 3892 496 3946 11111
516 3895 580 3962 asq.
601 3894 717 3962 (anthol.
738 3891 868 3946 1011111
889 3890 947 3951 irai

255 4030 257 4036 ,
294 3973 629 4052 ἔλι901νδ’οὕκὲβόησα,
650 3984 690 4040 τίς
710 3977 725 4050 ἦ
745 3983 827 4042 τίνος,
851 3975 908 4029 ἄλλ’
926 3971 1043 4043 ἐφίλησα

379 4061 429 4137 τὴν
448 4067 539 4138 φλιήν
560 4068 585 4122 εἰ
605 4064 678 4122 τοῦτ’
698 4065 753 4121 ἔστ’
772 4063 891 4137 u’diaqp'³
912 4061 1021 4116 ιῖδικέω.

1052 4180 1089 4233 4*
