2902 4914
545 141 751 203 ...67-

96 317 173 372 Ovid.
193 319 304 371 metam.
326 315 389 367 XIV
409 315 441 368 23
456 334 495 384 sq.

254 419 304 456 nec
321 402 447 456 medeare
466 401 534 455 mihi
553 419 685 471 sanesque
704 403 770 458 haec
789 403 902 458 vulnera
921 403 1033 467 mando,

255 489 364 557 fineque
384 488 422 542 nil
440 505 507 559 opus
526 493 574 556 est,
593 494 702 560 partem
721 491 794 545 ferat
812 490 862 544 illa
879 490 985 545 caloris.

62 576 180 640 Similia
209 577 350 640 invenies
372 577 488 640 Tibull.
514 578 526 640 l
547 579 576 655 d,
590 579 629 642 63
642 599 689 661 sq.
714 583 745 642 et
765 579 804 641 lV
827 579 947 660 6,8sq.
978 579 1100 643 Auson.
1130 578 1230 659 epigr.

62 677 99 739 8⁶2
119 680 150 740 et
171 678 221 740 83.
266 677 312 740 Ex
334 677 464 740 Graecis
486 677 631 741 conferas
652 677 759 741 Rufio.
783 676 904 741 anthol.
926 677 993 741 Pal.
1017 678 1042 739 V
1065 680 1105 742 88

257 774 281 827 εἰ
299 774 377 827 δυσὶν
398 769 448 827 οὔκ
466 775 576 846 ἴσχυσας
595 776 656 845 ἴσην
675 769 774 844 φλόγα,
793 768 929 847 πυρφόρε,
949 775 1059 839 καῦσαι,

311 857 361 931 τὴν
380 860 422 912 ἑνὶ
440 860 594 932 καιομένην
614 857 630 931 ἦ
650 855 746 930 σβέσον
766 856 781 931 ἢ
799 855 935 931 μετάθες,

63 952 92 1010 cl
115 948 307 1011 Aristaenct.
334 948 458 1029 epist.l
493 949 577 1025 16,9
609 947 650 1020 ὥς
679 944 818 1031 ταύτην,
844 945 957 1029 Ἔρως,
986 950 1144 1034 pepinum
1174 952 1234 1031 cair

64 1044 190 1130 ψυχήν,
224 1044 323 1118 οὕτως
354 1045 410 1128 ἴσῃ
431 1046 513 1127 βολῇ
534 1047 594 1128 τήν
617 1048 698 1130 ἐμήν
726 1044 969 1122 κατατόξενσον
991 1049 1172 1130 ἐρωμένην,
1206 1053 1237 1114 el

62 1147 176 1210 Lucilii
201 1146 248 1209 vel
273 1147 454 1210 Polemonis
479 1147 577 1228 epigr.
600 1148 721 1232 anthol.
744 1148 812 1212 Pal.
839 1149 866 1211 V
889 1150 937 1213 68.

144 1246 318 1309 Diniarcho
342 1247 473 1322 deinde,
497 1250 532 1309 ut
554 1247 597 1310 ad
618 1247 713 1310 aliam
738 1268 804 1311 rem
828 1268 971 1330 pergam,
995 1249 1049 1331 qui
1074 1249 1107 1312 in
1128 1248 1236 1312 Plauti

62 1346 260 1410 Truculento
282 1346 432 1408 omnibus
453 1346 601 1428 precibus
618 1347 660 1409 ad
680 1349 881 1411 meretricem
898 1348 1066 1412 intromitti
1089 1352 1233 1423 conatur,

62 1466 191 1528 semper
223 1445 340 1509 ancilla
371 1446 543 1526 respondet
575 1466 604 1509 v.
628 1447 688 1509 75a
720 1447 794 1511 ‘non
819 1437 931 1530 'potem
970 1448 1105 1512 nimium
1135 1445 1235 1530 petis’.

62 1550 155 1627 Quae
174 1548 275 1610 verba
298 1545 397 1609 etiam
421 1546 508 1626 apud
530 1544 679 1609 Ovidium
704 1552 895 1611 occurrunt:

99 1666 185 1702 amor.
206 1646 218 1698 l
241 1645 309 1707 122

330 1727 426 1781 infelix
445 1726 526 1780 hodie
547 1727 641 1782 littera
659 1723 754 1796 'posse‘
772 1731 864 1797 negat.

99 1823 152 1874 art.
170 1820 205 1871 lll
225 1817 274 1870 587
286 1834 324 1884 eq.

263 1901 333 1956 adde
352 1901 448 1969 torem,
466 1902 495 1954 et
513 1898 580 1952 duro
598 1897 673 1952 dicat
691 1897 745 1952 tibi
762 1897 865 1951 ianitor
884 1914 929 1951 ore

329 1983 396 2040 ‘non
415 1982 509 2056 potes'.

62 2083 186 2146 Eadem
218 2103 293 2145 vero
324 2083 501 2165 reperimus
525 2081 556 2142 in
586 2079 728 2143 carmine
751 2079 861 2142 incerti
883 2083 1001 2161 poetae
1022 2078 1144 2143 anthol.
1168 2078 1235 2141 Pal.

64 2181 90 2242 V
118 2182 193 2257 101,
224 2183 312 2262 quod
329 2187 432 2245 totum
456 2180 655 2249 adscribam,
685 2197 760 2241 narn
784 2178 923 2260 alioquin
942 2183 1068 2242 tantam
1090 2178 1236 2249 similitu·

64 2283 175 2344 dinem
208 2284 342 2361 praehet
377 2301 449 2344 cum
479 2278 642 2342 Diniarchi
676 2282 708 2341 et
739 2279 888 2361 Astaphii
919 2279 1077 2361 colloquio
1107 2278 1236 2343 Trucul.

71 2383 132 2444 115
143 2401 223 2462 sqq„
247 2385 282 2444 ut
299 2380 470 2444 manifesta
486 2398 590 2441 novae
605 2379 791 2442 comoediae
806 2378 942 2442 imitatio
959 2378 1160 2460 inpromptu
1178 2378 1236 2441 sit:

102 2491 139 2540 A:
156 2493 238 2557 χαῖρε
258 2480 334 2558 κόρη,
372 2486 407 2538 B:
429 2480 525 2553 uatdl
546 2478 586 2536 σύ.
624 2485 662 2536 A:
682 2477 757 2553 τίςῆ
776 2483 918 2554 προϊοῦσα.
955 2485 990 2537 B:
1013 2486 1039 2536 τί
1058 2479 1127 2556 πρὸς
1144 2483 1191 2552 σε’,·

171 2573 209 2625 A:
230 2567 281 2624 urin
300 2565 406 2639 ιῖλὸγως
425 2568 502 2640 ζητῶ.
539 2570 575 2623 B:
595 2563 723 2628 δεσπότις
744 2563 874 2642 ἡμετέρη·

100 2659 141 2710 A:
161 2655 281 2719 ἐλπίζειν
301 2655 372 2718 dom
409 2657 447 2709 B:
466 2661 555 2726 ζητεῖς
574 2655 604 2707 δὲ
623 2657 663 2717 τι’;
700 2656 738 2707 Α;
759 2650 855 2710 νύκτα.
892 2656 928 2708 B:
948 2650 1046 2728 φέρεις
1065 2659 1107 2724 τί,

172 2743 209 2795 Α;
225 2744 348 2814 χρυσίον.
384 2743 422 2796 Β;
443 2737 571 2813 oedipum.
609 2743 648 2794 A:
668 2743 715 2794 καὶ
735 2736 824 2796 τόσον.
859 2743 896 2796 B:
917 2743 948 2795 orl
967 2737 1091 2796 δυ’νασαι.

64 2841 110 2904 Ut
126 2841 306 2902 amatorem
321 2836 405 2899 foras
420 2836 579 2910 extrudat,
595 2835 806 2899 Phronesium
824 2837 936 2918 capitis
952 2836 1095 2901 dolorem
1107 2838 1237 2902 simulat

64 2940 162 3002 Truc.
184 2937 263 3011 632,
293 2955 356 3016 qua
381 2935 494 2998 eadem
516 2939 585 2998 arte
615 2935 795 2998 meretricia
818 2938 953 2999 utuntur
974 2936 1063 3000 Delia
1086 2937 1202 3003 Tibull.
1225 2939 1237 3001 l

66 3042 96 3120 6,
110 3038 151 3101 36
174 3040 206 3099 et
230 3035 370 3098 Corinna
388 3033 479 3097 Ovid.
502 3054 604 3098 amor.
624 3034 637 3097 Ι
658 3035 687 3107 8,
701 3035 758 3109 73;
782 3054 883 3098 arnor.
896 3034 921 3097 ll
943 3036 1059 3112 19,11;
1083 3057 1184 3101 amor.
1197 3038 1237 3101 lll

68 3137 178 3215 1125.
227 3134 318 3197 Aliae
348 3133 517 3195 mulierum
547 3135 768 3197 excusationes
799 3141 1093 3200 commemorantur
1132 3137 1235 3202 Plaut.

68 3239 155 3302 Asin.
177 3236 237 3299 760

262 3332 292 3384 in
310 3330 415 3384 foribus
434 3331 535 3386 scribat
553 3336 714 3402 occupatam
734 3350 790 3388 esse
808 3352 845 3401 se,

65 3433 99 3494 et
132 3427 194 3491 Mil.
228 3427 286 3490 251
311 3446 391 3508 sqq,
432 3446 629 3511 quamquam
664 3428 725 3492 hoc
756 3430 827 3494 loco
857 3451 923 3495 non
957 3432 999 3496 ad
1031 3432 1235 3497 refutandum

66 3532 246 3592 amatorem
269 3526 447 3608 pertinent:

262 3641 317 3677 non
336 3622 444 3688 domist,
463 3623 533 3677 abiit
551 3624 731 3690 ambulatum,
750 3627 860 3693 dormit,
879 3630 1001 3689 ornatur.
1021 3629 1097 3683 lavat
1113 3647 1167 3697 eqs.

65 3712 142 3775 lllae
165 3730 293 3792 quoque
317 3711 405 3792 apud
426 3711 588 3776 Tibullum
611 3719 642 3777 et
663 3713 814 3779 Ovidium
837 3720 982 3780 exstant:

101 3814 202 3868 Tibull.
223 3815 248 3868 ll
267 3816 291 3876 6,
302 3816 334 3868 47
350 3833 388 3884 sq.

262 3918 343 3971 saepo
363 3917 413 3970 ego
433 3917 493 3954 cum
513 3901 641 3955 dominae
660 3902 749 3957 dulces
768 3920 784 3956 a
801 3902 897 3956 limine
915 3903 983 3956 duro

316 4003 433 4056 agnosco
452 4003 537 4056 voces,
556 3987 624 4042 haec
641 3992 727 4058 negat
745 4005 801 4044 esse
819 3991 900 4045 domi.

1035 4082 1070 4137 5*
