2910 4920
623 298 826 362 „65-

140 471 293 552 hauserit,
313 472 511 537 confidenter
526 475 631 538 dicere
642 495 812 557 possumus
827 475 945 539 similes
960 476 1172 557 elegiacorum
1183 475 1234 537 Roi

134 592 251 638 norum
281 573 368 636 locos
399 572 515 637 iterum
546 594 585 639 ex
605 575 713 639 Attica
741 575 906 639 comoedia
936 567 1065 639 fluxisse
1088 596 1145 657 per
1165 574 1233 638 Alex

136 674 245 738 drinos
274 676 395 754 poetas.
449 671 660 737 Consentiunt
697 678 805 737 autem
844 693 918 738 cum
951 674 1068 739 Plauto
1103 680 1135 738 et
1165 675 1234 737 Luci

136 776 263 855 praeter
282 770 389 835 Ovidii
409 771 516 835 locum
538 773 635 837 modo
657 773 825 838 laudatum
847 773 880 836 hi
901 773 984 838 lere:

169 885 272 941 Tibulli
291 885 304 938 Ι
322 886 347 950 5,
358 887 392 940 47

285 971 352 1026 haec
370 988 485 1026 nocuere
503 971 581 1041 mihi,
600 972 674 1040 quod
697 972 773 1026 adest
791 972 854 1026 huic
871 972 948 1027 dives
967 975 1092 1027 amator!

172 1074 250 1128 Ovid.
271 1091 356 1129 arnor.
375 1073 416 1127 III
428 1074 452 1136 8,
463 1075 480 1129 9
490 1091 529 1142 sq.

283 1177 344 1214 eece
363 1176 456 1215 recena
473 1159 548 1215 dives
565 1163 646 1230 parto
664 1177 712 1230 per
731 1160 845 1215 vulnera
863 1177 942 1214 censu

334 1247 489 1316 praefertur
507 1246 585 1300 nobis
604 1245 736 1316 sanguine
754 1249 847 1316 pastus
866 1264 957 1315 eques.

139 1350 351 1432 Respondent
372 1351 488 1415 deinde
511 1351 752 1432 quodammodo
775 1352 957 1417 Phaedriae
987 1354 1096 1417 verbis
1118 1356 1149 1417 in
1170 1354 1234 1416 Tere

140 1449 296 1514 Eunucho
321 1452 380 1515 159
400 1449 469 1531 ‘ego
492 1450 652 1527 excludor,
676 1451 726 1514 ille
748 1452 913 1534 recipitur’
933 1453 1095 1535 Propertii
1117 1454 1142 1518 ll
1160 1455 1214 1524 9,1

140 1550 227 1632 quod
251 1555 307 1628 est,
331 1570 390 1630 ego
412 1568 509 1630 saepe
530 1550 592 1613 fui’.
637 1549 761 1627 Quibus
783 1552 872 1616 haud
894 1552 1001 1634 inepte
1025 1554 1234 1635 adiungantur

182 1666 271 1719 plaut.
290 1664 397 1718 Trucul.
417 1662 467 1716 732
477 1680 534 1731 sqq.

141 1767 198 1804 non
216 1768 267 1819 ego
286 1767 359 1804 nunc
374 1749 448 1803 intro
466 1749 501 1803 ad
521 1765 568 1803 vos
584 1748 702 1803 mittar?
741 1751 813 1802 Ast:
840 1749 955 1817 quidum
975 1767 1059 1818 quam
1078 1750 1157 1805 miles
1175 1768 1234 1819 mag

141 1837 221 1916 Din:
245 1836 311 1905 quia
329 1836 402 1890 enim
421 1836 482 1905 plus
500 1835 570 1890 dedi.
608 1837 683 1889 Aah:
706 1837 765 1901 plus
779 1835 854 1889 enim
868 1853 895 1889 es
908 1836 1088 1905 intromissus,
1109 1854 1192 1906 quom
1211 1837 1234 1890 di

141 1923 199 1978 sine
218 1922 336 1977 vicissim
354 1921 402 1990 qui
420 1922 497 1990 dant,
517 1922 552 1975 ob
571 1921 647 1988 illud,
667 1922 740 1989 quod
759 1922 827 1976 dant
844 1923 934 1991 operis
952 1923 1033 1991 ulier,

176 2031 205 2082 et
223 2027 312 2080 plaut.
332 2025 440 2080 Trucul.
460 2026 559 2094 234sq.

142 2113 207 2168 dum
226 2114 336 2182 babeat,
353 2113 420 2167 dum
438 2116 527 2175 amet;
545 2112 593 2166 ubi
613 2111 650 2165 nil
670 2111 780 2179 habeat,
800 2111 886 2164 alium
905 2114 1049 2179 quaestum
1068 2110 1190 2181 coepiat.

143 2218 229 2270 aequo
248 2201 349 2265 animo,
368 2200 425 2270 ipse
445 2200 467 2253 si
486 2199 524 2253 nil
545 2199 655 2259 habear.
675 2199 735 2252 aliis
754 2198 801 2266 qui
820 2197 932 2262 habent,
952 2198 1000 2251 det
1018 2198 1119 2265 locum,

181 2309 240 2359 tum
261 2306 340 2374 Prop.
361 2305 385 2357 ΙΙ
408 2303 520 2371 16‚9sq.

167 2382 183 2414 “
346 2390 453 2455 deinde,
472 2389 520 2442 nbi
539 2390 699 2455 consumpto
718 2383 833 2440 restabit
851 2401 963 2438 munere
981 2399 1094 2453 pauper,

396 2474 439 2528 dic
458 2473 527 2528 alias
545 2474 645 2528 iterum
663 2471 778 2540 naviget
797 2470 911 2539 lllyrias.

143 2579 256 2662 Neque
279 2579 485 2660 anthologiae
503 2577 669 2642 Palatinae
692 2581 807 2658 poetae
830 2594 890 2639 nos
907 2574 1004 2656 plane
1024 2575 1218 2654 destituunt,

145 2681 272 2744 Marcus
295 2679 506 2759 Argentarius
528 2679 637 2742 scribit
658 2676 780 2741 anthol.
803 2675 871 2739 Pal.
895 2675 920 2736 V
947 2676 1004 2738 113

341 2771 467 2851 ἠράσθης
484 2775 609 2829 πλουτῶν
628 2776 812 2848 Σωσίκρατες.
843 2769 909 2825 ἁλλὰ
930 2772 1017 2843 πένης
1033 2768 1071 2825 ὥν

396 2859 485 2916 orixa‘c’
505 2860 577 2934 ἐρᾷς·
595 2858 676 2934 λιμὸς
695 2856 846 2933 φάρμακον
864 2853 923 2913 οἷον
942 2858 1008 2932 ἔχει.

342 2943 359 3019 ἦ
376 2943 510 3022 diutione
526 2949 689 3003 nauclerico
707 2943 799 3021 μύρον
819 2948 865 3000 καὶ
882 2941 1124 3017 τερπνὸνἊδωνιν

395 3037 547 3106 Μηνοφίλα
572 3034 623 3089 νῦν
641 3056 690 3089 σου
710 3032 834 3106 τοῦνομα
853 3027 1032 3086 πυνθάνεται
1051 3049 1106 3101 eqS.

146 3106 248 3202 Porro
264 3139 297 3203 in
308 3139 450 3204 Terentii
467 3141 623 3204 Eunucho
645 3142 805 3205 exclamat
819 3138 989 3215 Phaedria,
1012 3156 1085 3201 cum
1108 3138 1168 3201 sibi
1188 3137 1234 3200 dir

148 3239 280 3302 militem
303 3239 456 3320 praeferri
478 3245 578 3322 putet,
600 3260 630 3305 v,
647 3243 684 3306 91
702 3261 772 3323 sqq.

483 3355 499 3392 o
517 3339 610 3406 Thais,
629 3338 721 3404 Thais,
740 3337 849 3394 ubinam
866 3340 936 3391 esset
954 3334 1024 3387 mihi

344 3440 408 3496 pars
426 3444 516 3495 aequa
534 3426 635 3481 amoris
654 3429 744 3481 lecum
764 3443 795 3480 ac
817 3424 921 3495 pariter
938 3423 1023 3491 fieret,

344 3515 377 3567 ut
394 3515 444 3568 aul
463 3513 515 3567 hoc
534 3511 586 3566 tibi
605 3512 709 3568 doleret
727 3512 825 3567 itidem
843 3514 876 3565 ut
893 3509 963 3565 mihi
980 3509 1062 3573 dolet,

344 3603 394 3655 aut
412 3617 463 3669 ego
482 3601 552 3654 istuc
570 3600 618 3654 abs
636 3602 665 3653 te
683 3599 787 3654 facturn
805 3598 856 3651 nili
874 3596 1035 3666 penderem!

150 3705 289 3785 Elegiaci
312 3722 441 3787 quoque
454 3703 743 3769 Alexandrinorum
767 3709 798 3767 el
814 3704 1037 3767 Romanorum
1059 3704 1174 3782 poetae
1198 3722 1234 3784 or

151 3808 187 3869 ul
210 3805 338 3887 utrique
359 3806 483 3869 amanti
510 3825 633 3888 aequus
656 3809 688 3868 et
709 3807 839 3868 mutuus
862 3823 954 3868 amor
977 3803 1027 3880 sit,
1050 3801 1198 3882 perlegas
1222 3824 1234 3866 ε

186 3919 287 3975 renni.
307 3918 346 3972 1v
366 3920 390 3988 5,
405 3919 437 3973 13
452 3937 492 3988 sq.

346 4028 396 4066 nec
411 4015 445 4066 tu
463 4013 499 4066 sia
518 4012 627 4079 iniusta,
651 4010 757 4065 Venus:
778 4008 820 4062 vel
837 4007 941 4062 serviam
959 4023 1045 4075 aeque

400 4097 507 4153 vinctus
526 4103 641 4169 uterque
657 4096 718 4166 tibi,
738 4095 780 4149 vel
799 4109 860 4147 mea
878 4093 967 4147 vincla
985 4096 1053 4148 leva.
