2910 4920
589 340 835 417 ‚-6a-

142 520 365 584 Phaedromus
386 518 493 583 lenam
506 516 528 599 ¹)
558 508 618 582 sibi
649 519 724 583 vino
748 518 918 600 propitiam
949 517 1062 595 faciat,
1092 515 1159 579 sive
1191 513 1228 575 ut
1248 508 1309 590 ipse

141 638 216 684 curn
238 616 327 682 Delia
350 620 440 699 potet
458 620 491 681 et
513 619 658 682 accubet.
701 617 765 682 Sed
787 635 905 699 magno
928 636 1002 681 cum
1026 615 1137 680 dolore
1160 609 1309 690 intellegit

141 719 223 782 fores
245 718 371 782 clausas
393 721 427 780 et
447 717 506 781 sibi
531 717 648 782 infecta
665 738 700 782 re
716 718 847 781 domurn
866 718 1053 781 abeundum
1076 733 1153 778 esse.
1200 713 1309 791 ltaque

141 836 327 883 reversurus
346 817 436 881 iubet
456 837 583 881 servum
602 817 722 900 potioni
735 817 807 899 plus
830 817 908 882 meri
926 816 1102 892 effundere,
1126 815 1164 877 ut
1184 809 1309 874 fortiore

142 917 258 1000 poculo
279 920 409 998 sumpto
441 919 473 981 et
495 917 614 980 amoris
636 916 746 982 dolore
768 917 843 980 vino
872 919 1025 998 superato
1054 911 1141 978 domi
1163 928 1309 975 somnum

146 1036 262 1100 capere
292 1016 400 1098 possit.
461 1015 525 1080 Sed
559 1021 594 1080 ut
632 1017 792 1098 plerisque
820 1015 1020 1080 amatoribus
1057 1013 1156 1077 etiam
1187 1009 1309 1073 Tibulle

142 1115 290 1182 Bacchus
312 1134 377 1178 non
400 1114 577 1178 remedium
600 1115 725 1191 luroris
747 1116 804 1178 sed
824 1114 915 1196 ‘ignis
937 1114 970 1178 in
987 1112 1061 1194 igne
1084 1111 1160 1175 fuit’.
1205 1111 1309 1188 Quare

143 1216 259 1300 poculo
281 1217 377 1295 epoto
399 1213 441 1276 ad
464 1213 621 1278 maiorem
642 1213 802 1295 cupidinis
822 1214 971 1277 ardorem
995 1209 1186 1287 incenditur,
1211 1209 1257 1272 ita
1280 1212 1309 1271 ul

143 1315 318 1399 querellaS‚
350 1331 435 1395 quae
456 1313 531 1376 inde
552 1332 572 1376 a
593 1332 689 1377 versu
711 1314 729 1376 7
753 1316 949 1394 sequuntur,
970 1310 1095 1374 fundat.
1139 1309 1247 1386 Quam
1272 1308 1309 1370 ad

143 1414 388 1498 explicationem
420 1405 676 1476 confirmandam
707 1413 846 1488 accedit,
880 1411 968 1494 quod
998 1408 1095 1474 etiarn
1125 1408 1158 1472 in
1191 1408 1309 1489 relique

143 1514 285 1580 carmine
305 1509 433 1592 saepius
453 1531 513 1589 res,
536 1532 621 1594 quae
643 1533 682 1576 ex
704 1513 877 1578 comoediis
891 1511 1047 1592 originem
1065 1509 1199 1582 ducunt,
1222 1527 1309 1570 usur·

143 1618 271 1699 pantur.
314 1611 468 1675 Animum
491 1613 576 1676 enirn
599 1614 750 1678 advertas
772 1614 815 1677 ad
835 1633 864 1676 v.
881 1613 921 1676 25
938 1632 985 1693 sq.

338 1725 387 1764 nec
405 1709 471 1763 sinit
489 1713 614 1766 occurrat
632 1711 786 1781 quisquam,
806 1710 853 1781 qui
874 1726 989 1780 corpora
1006 1707 1078 1764 ferro

389 1796 513 1851 vulneret
530 1813 562 1851 ac
582 1802 663 1867 rapta
680 1798 806 1868 praemia
824 1799 897 1851 vesle
915 1797 1001 1865 petat

143 1880 238 1946 Tales
267 1887 463 1964 grassatores
491 1884 541 1948 vel
572 1884 658 1950 fures
685 1885 832 1949 nocturni
870 1883 913 1947 ab
942 1881 1128 1946 amantibus
1158 1878 1309 1941 timentur

143 1981 239 2049 etiam
262 1982 359 2064 Prop.
380 1984 426 2046 lll
451 1985 589 2066 16‚5sq.
612 1988 643 2049 et
665 1984 758 2049 Ovid.
781 2004 881 2047 amor.
900 1982 1069 2062 16‚14sq.
1093 1983 1124 2044 et
1147 1977 1309 2058 Posidipp.

142 2081 263 2146 anthol.
286 2082 354 2146 Pal.
379 2082 404 2144 V
428 2084 497 2161 213,
510 2085 528 2145 3
539 2104 587 2165 sq.
887 2113 888 2118 ¹

338 2179 400 2234 εἰπὲ
417 2179 448 2233 δὲ
465 2187 590 2252 σημεῖον,
608 2179 726 2253 μεθύων
744 2174 787 2233 ὅτι
807 2181 854 2233 καὶ
871 2175 918 2233 διὰ
937 2177 1052 2232 κλωπῶν

398 2253 487 2336 ἦλθον
502 2263 602 2339 Ἔρωτι
621 2273 727 2338 θρασεῖ
738 2265 883 2340 χρώμενος
902 2260 1036 2337 ἡγεμόνι.Ἰ

140 2366 315 2532 ngs33iam
335 2371 460 2436 Alexidi
483 2371 606 2436 comico
628 2391 693 2436 non
710 2372 836 2452 ignotos
858 2389 926 2434 esse
941 2370 1034 2433 docet
1055 2370 1114 2449 frg.
1136 2367 1206 2442 107,
1229 2365 1267 2428 K.
1281 2363 1309 2426 ll

141 2486 172 2548 p.

336 2571 383 2621 καὶ
401 2565 456 2640 γὰρ
476 2568 522 2624 ἐπὶ
540 2569 634 2642 νόμον
652 2573 722 2637 †††
742 2567 898 2644 ἀνθρώπων
917 2567 968 2644 ὁρῶ

336 2653 445 2726 πλῆθος
462 2655 587 2729 προσιόν,
606 2651 643 2716 οἷς
662 2656 717 2710 τοῖν
736 2657 827 2710 καλῶν
846 2676 876 2710 τε
895 2653 1030 2725 κάγαθῶν

336 2739 441 2796 ἐνθάδε
459 2741 607 2796 συνόντων·
626 2740 665 2816 μὴ
684 2742 798 2814 γένοιτό
815 2764 865 2815 μοι
883 2741 961 2816 μόνῳ

336 2825 445 2900 νύκτωρ
464 2824 621 2900 ἀπαντῆσαι
641 2829 727 2889 καλῶς
749 2827 924 2903 πεπραγόσιν

336 2908 404 2984 ὑμῖν
421 2916 486 2987 περὶ
508 2910 557 2966 τὸν
574 2914 731 2987 βαλλισμόν.
763 2912 796 2969 οὔ
815 2913 869 2988 γὰρ
889 2913 924 2968 ἂν
941 2933 1011 2968 ποτε

336 2994 491 3072 θόιμότιον
512 2997 703 3074 ἀπενέγκαιμι
722 2998 761 3075 μὴ
781 3004 868 3070 φύσας
886 3001 984 3072 πτερά.

140 3089 186 3155 Cf.
206 3091 313 3157 Plauti
333 3093 500 3158 Mercator.
523 3095 584 3161 293
595 3116 642 3177 sq.

757 3193 795 3248 mi
813 3193 842 3247 in
864 3196 984 3248 mentem
1003 3192 1088 3258 venit,

335 3277 392 3332 illic
412 3278 493 3335 homo
512 3281 564 3335 hoc
583 3281 729 3336 daumero
748 3281 805 3334 volt
822 3279 936 3349 pallium
956 3278 1090 3332 detexere.

139 3360 222 3427 Tum
245 3365 404 3431 veneficas
425 3367 536 3432 lunam
558 3368 599 3433 de
628 3370 716 3433 caelo
740 3368 961 3441 detrahentes
990 3383 1129 3447 quarum
1153 3360 1309 3424 auxilium

140 3469 269 3544 praeter
279 3465 442 3531 Tibullum
454 3489 483 3532 v.
495 3469 537 3531 la
551 3489 621 3550 sqq.
639 3467 751 3550 reliqui
769 3486 898 3548 quoque
913 3464 1043 3546 elegiaci
1060 3466 1223 3525 amatores
1242 3479 1309 3522 sae·

138 3563 211 3645 pius
231 3565 457 3647 implorant‚2)
490 3568 554 3632 iam
585 3569 616 3631 in
637 3567 804 3631 Menandri
827 3565 981 3629 Thessala
1013 3563 1045 3627 in
1074 3579 1207 3626 scenam
1237 3578 1309 3640 pro·

38 3680 45 3687 ·
140 3663 253 3727 ductas
275 3683 343 3727 esse
364 3668 538 3729 memoriae
561 3667 693 3730 tradidit
716 3666 837 3728 Plinius
859 3663 996 3727 natural.
1018 3660 1092 3724 hist.
1116 3659 1207 3723 XXX
1225 3660 1254 3722 6.
1282 3659 1309 3731 7,

140 3762 195 3844 qui
220 3763 345 3828 scribit:
376 3764 484 3829 ‘miror
506 3767 654 3848 equidem
679 3765 811 3829 Achillis
832 3762 957 3844 populis
986 3761 1105 3824 samam
1129 3760 1197 3822 eius
1221 3757 1309 3835 (artis

137 3892 330 3907 —l—-—..-...-

175 3984 189 3997 ’“
209 3976 233 4042 1)
252 3977 323 4033 Nam
343 3979 450 4033 Deliam
469 3997 577 4048 quoque
595 3997 656 4032 cum
675 3980 725 4033 tali
745 3981 822 4045 lena,
851 3977 940 4055 qualis
958 3980 986 4030 et
1004 3975 1033 4028 in
1054 3975 1215 4028 Curculione
1234 3971 1309 4026 etin

135 4061 196 4117 aliis
211 4061 312 4117 fabulis
330 4065 442 4134 ocutus,
461 4083 519 4121 rem
538 4064 639 4120 habere
658 4065 670 4116 l
689 4066 713 4128 5,
723 4066 757 4118 47
767 4082 824 4131 sqq.
844 4066 939 4132 postea
958 4061 1117 4116 videbimus.

169 4170 172 4194 :
192 4149 231 4218 ἱ)
250 4149 311 4206 ride
328 4151 400 4206 locos
418 4152 491 4222 apud
511 4151 612 4205 Mallet.
632 4154 737 4219 quaest.
757 4150 836 4219 Prop.
857 4167 883 4219 p.
903 4149 945 4201 23.
