2910 4920
616 309 820 374 ..34-

170 487 311 558 Antipatri
327 484 572 541 Thessalonicensis
592 484 644 538 VII
664 485 798 554 asanaa

325 574 390 632 οὔδε
406 580 432 631 τί
451 596 481 631 σε
500 575 625 631 κτεα’νων
645 575 786 652 soporato·
807 577 869 647 psi,
891 574 1007 639 ε’λεεινέ,

326 661 394 725 ὤλεο
412 661 558 736 μοχθήσας
576 662 670 735 ἰχθύσι
687 666 735 718 καὶ
755 665 874 733 πελάγει
894 681 949 732 eqs.

168 756 196 806 et
214 751 380 820 Orinagorae
399 750 521 805 v11645

326 823 347 888 oi
366 831 477 907 δύστην’
495 830 584 904 ὅλβοιο
607 834 789 908 Φιλόστρατε,
808 838 862 890 ποῦ
879 855 923 890 σοι
942 833 1041 890 ἐκεῖνα

378 922 502 996 σκῆπτρα
522 924 569 976 καὶ
589 924 619 976 αἱ
636 922 771 992 βασιλέων
791 921 915 992 ἄφθονοι
933 918 1063 995 ειῗτυχίαι
1073 943 1087 992 ,-

327 1005 403 1065 αἷσιν
421 1008 584 1085 ε’πηοίρησας
602 1005 646 1064 nisi
666 1013 727 1079 βίον
744 1028 799 1079 eqs.

215 1101 319 1166 Etiam
350 1101 424 1165 Orci
454 1101 507 1165 via
537 1099 687 1164 omnibus
717 1097 907 1162 mortalibus
928 1098 1088 1177 ineunda,
1129 1119 1219 1181 quae
1249 1103 1305 1162 tarn

134 1206 211 1266 nota
233 1206 265 1266 et
285 1202 475 1283 pervulgata
497 1204 545 1265 est
563 1201 650 1282 apud
666 1200 831 1263 Romanos
853 1202 885 1262 et
906 1197 1119 1279 anthologiae
1144 1199 1307 1263 Palatinae

134 1306 263 1384 poetas,
293 1301 357 1365 iarn
381 1301 413 1364 iu
437 1299 634 1383 Antiphanis
655 1299 836 1379 fragmento
858 1300 908 1376 53,
930 1297 967 1362 Κ.
989 1297 1016 1361 11
1046 1318 1078 1380 p.
1102 1300 1148 1362 32
1175 1317 1307 1362 comme-

137 1406 298 1467 moratur·
330 1487 451 1534 πενθεῖν
469 1481 514 1534 δεῖ
527 1483 647 1553 μετρίως
667 1476 730 1540 τοὺς
749 1479 940 1555 προσήκοντας
959 1480 1056 1549 φίλους
1067 1481 1088 1548 ¹)

331 1563 364 1620 ori
381 1563 433 1639 γὰρ
453 1566 598 1632 τεθνᾶσιν,
618 1562 686 1619 ἄλλα
707 1562 758 1638 τὴν
776 1563 864 1639 αὐτὴν
883 1561 956 1632 ὁδόν,

332 1648 366 1723 ἢν
385 1652 470 1706 πᾶσιν
488 1651 584 1707 ἐλθεῖν
604 1650 659 1707 ἐστ’
678 1651 838 1724 ἀναγκαίως
856 1653 928 1726 ἔχον,

330 1741 562 1810 προεληλύθασιν.
596 1737 656 1794 εἶτα
674 1737 702 1812 χ’
721 1735 802 1813 ἡμεῖς
821 1735 939 1814 ὕστερον

333 1824 373 1885 εἰς
396 1822 479 1879 ταύτὸ
498 1834 691 1896 καταγωγεῖον
710 1823 805 1886 αὐτοῖς
825 1822 928 1899 ἥξομεν

331 1912 413 1987 κοινῇ
432 1909 480 1965 τὸν
499 1910 582 1989 ἄλλον
600 1914 852 1985 συνδιατρίψαντες
867 1911 979 1986 χρόνον.

137 1998 291 2062 Conferas
313 1998 372 2062 hos
393 2000 632 2081 Augusteorum
656 2006 824 2082 poetarum
846 2001 948 2066 locos:

171 2098 252 2168 Prop.
271 2097 308 2150 ΙΙΙ
332 2097 372 2163 18,
385 2098 418 2150 22

333 2187 374 2238 est
391 2186 472 2254 mala,
491 2186 538 2240 sed
556 2185 659 2239 cunctis
677 2185 730 2240 ista
748 2184 863 2240 terenda
881 2185 927 2239 via
945 2185 993 2237 est.

173 2271 271 2327 Catuli.
291 2270 330 2324 111
350 2270 380 2323 ll
392 2289 430 2339 sq.

332 2357 381 2427 qui
399 2375 472 2412 nuno
489 2357 513 2411 it
532 2374 580 2427 per
598 2356 652 2411 iter
671 2354 870 2410 tenebricosum

332 2444 403 2509 illuc,
422 2443 494 2498 unde
512 2445 617 2513 negant
634 2441 723 2496 redire
742 2459 917 2511 quemquam.

173 2531 280 2588 Horatii
297 2549 379 2586 carm.
399 2533 411 2584 Ι
429 2532 471 2599 28,
482 2533 514 2585 15

578 2613 670 2652 omnes
688 2615 744 2651 una
762 2598 857 2651 manet
875 2612 938 2668 nox,

333 2688 375 2741 est
393 2684 523 2739 calcanda
540 2685 623 2739 semel
642 2683 687 2738 via
704 2682 762 2739 leti.
775 2682 794 2749 ’λ

138 2772 279 2837 Maxime
311 2793 387 2838 vero
428 2773 471 2838 ad
502 2772 697 2853 Antiphanis
736 2772 951 2851 fragmentum
994 2791 1028 2836 se
1064 2777 1159 2855 aptat
1202 2778 1311 2844 incerti

139 2873 279 2937 auctoris
300 2874 500 2955 epigramma
523 2872 643 2938 anthol.
667 2871 734 2935 Pal.
758 2872 1001 2954 vl1335‚5sq.

337 2973 363 3023 τί
381 2965 498 3043 περισσὰ
517 2975 649 3044 θρηνεῖς,·
675 2971 701 3022 τί
717 2969 747 3022 ts·
764 2965 857 3041 μα’την
877 2967 1003 3042 idipsum

389 3056 430 3118 εἰς
448 3052 545 3110 κοινὸν
558 3050 648 3128 Ἅιδην
666 3054 770 3115 πάντες
789 3049 883 3126 ἥξουσι
899 3059 1000 3129 βροτοί.

141 3138 352 3208 Communem
375 3144 448 3209 Oroi
472 3146 556 3210 viam
589 3145 776 3209 invenimus.
797 3144 894 3208 etiam
924 3145 955 3208 in
979 3145 1126 3226 Tynrnae
1147 3150 1311 3232 epigram-

141 3244 229 3304 mate
256 3244 377 3308 anthol.
397 3245 465 3309 Pal.
490 3246 671 3323 V11477‚5
694 3246 763 3308 ἔστι
785 3245 845 3324 γοῖρ
868 3243 924 3325 ἴση
946 3243 1121 3307 πάντοθεν
1144 3250 1190 3322 είς
1214 3252 1311 3334 α’ΐδην

141 3339 361 3418 ἐρχομένοισιν
385 3343 469 3423 ὁδός,
497 3350 529 3409 et
553 3345 586 3409 in
603 3345 765 3427 Antipatri
784 3345 1017 3426 epigrammate
1039 3345 1160 3412 anthol.
1184 3350 1310 3418 Pai.Xl

141 3438 222 3516 23ss
246 3438 290 3513 εἰς
312 3442 410 3524 οἵτ”δην
432 3447 496 3525 μιόι
515 3448 601 3507 πᾶσι
622 3449 825 3524 καταίβοσις.

223 3539 314 3617 Quae
337 3561 409 3607 oum
433 3545 477 3609 ita
492 3545 564 3622 sint,
588 3546 717 3609 iuvenes
739 3545 858 3626 ubique
875 3545 1099 3624 admonentur,
1122 3551 1159 3611 ut
1173 3556 1311 3634 propter

141 3638 314 3704 iuventutis
336 3646 367 3706 et
396 3644 518 3708 formae
541 3645 733 3709 brevitatem
762 3648 793 3708 et
823 3645 1042 3710 imminentem
1065 3651 1203 3712 mortem
1235 3671 1311 3716 con-

141 3757 230 3803 cesso
252 3760 272 3803 a
294 3741 375 3805 Fato
398 3746 542 3824 ternpore
565 3743 712 3808 fruantur
733 3747 831 3825 atque
850 3744 915 3808 vini
937 3750 966 3809 et
989 3746 1108 3810 amoris
1126 3749 1256 3826 gaudiis
1277 3771 1312 3815 se

210 3879 235 3945 l)
257 3879 379 3935 Mortuos
388 3899 443 3937 non
453 3882 536 3936 nimis
544 3885 674 3954 lugendos
686 3901 742 3940 esse
755 3884 824 3940 dicit
839 3890 948 3956 praeter
959 3887 1146 3957 Antiphonem
1156 3871 1311 3947 Menander

141 3963 194 4032 irg.
212 3964 308 4022 ineest.
329 3969 378 4022 705>
396 3974 425 4024 et
443 3970 502 4038 706,
528 3969 558 4023 Κ.
581 3970 621 4024 111
641 3991 667 4041 p.
686 3973 752 4037 202,
776 3970 980 4028 usitatissimam
1003 3992 1065 4029 vero
1083 3991 1139 4029 esse
1157 3973 1234 4032 hano
1252 3997 1310 4034 sen·

140 4050 256 4106 tentiam
277 4051 306 4106 in
325 4053 409 4124 elegis
428 4055 553 4127 exposuit
572 4056 675 4112 Mallet.
696 4059 704 4110 l
732 4059 749 4111 l.
767 4078 795 4128 p.
814 4059 847 4113 60
858 4077 897 4128 sq.

210 4137 236 4206 2)
255 4139 338 4194 Plura
356 4144 481 4211 exempla
498 4144 634 4213 congessit
654 4145 785 4214 Zingerle,
804 4145 916 4199 Ovidius
926 4147 946 4211 1,
967 4148 1204 4215 tnnsbruelr1869‚
1224 4168 1254 4220 p
1268 4154 1310 4208 46.
