2910 4920
544 320 749 383 ‚83-

59 500 194 564 tricibus
217 517 290 561 cum
308 497 473 561 Plautinis.
517 497 551 560 ln
568 495 744 560 Cistellaria
767 497 852 559 enirn
874 496 989 559 suadet
1009 495 1081 559 lena
1103 494 1230 576 puellae

56 621 131 665 vero
156 618 271 663 amore
292 601 407 678 captae
429 618 458 660 v.
479 598 520 661 96
530 618 577 678 sq.

208 697 374 751 adsimulare
392 713 484 750 amare
504 698 621 765 oportet.
657 713 720 748 nam
740 694 762 748 si
779 711 860 758 ames.
880 694 1035 763 extempulo

206 783 303 838 melius
323 783 362 836 illi
381 783 475 845 multo,
496 799 577 850 quem
596 798 679 848 ames,
698 781 822 835 consulas
840 799 924 849 quam
942 780 982 834 rei
1000 782 1073 834 tuae.

54 873 224 938 Corinnae
245 876 354 934 autem
377 890 397 933 a
419 870 491 934 lena
515 869 710 952 praecipitur
732 888 832 932 amor.
858 868 918 945 18,
931 869 967 932 71
982 886 1029 948 sq,

257 986 306 1023 nec
324 970 417 1023 nocuit
435 969 578 1023 simulatus
596 986 686 1030 amor.
711 968 769 1021 sine
787 967 881 1023 credat
899 967 986 1021 amari

328 1059 356 1109 et
373 1071 453 1110 cave.
480 1071 514 1106 ne
534 1053 620 1122 gratis
639 1054 683 1107 hic
700 1053 753 1108 tibi
771 1056 878 1109 constet
896 1055 987 1106 amor!

141 1159 290 1241 Denique
314 1160 555 1223 usitatissimum
587 1164 763 1223 scortorum
789 1158 958 1223 artificium
981 1163 1037 1234 est,
1068 1162 1104 1221 ut
1124 1156 1231 1220 exclu-

53 1259 168 1322 dendo
200 1263 232 1322 et
260 1261 494 1323 contemnendo
523 1261 770 1324 aemulationem
805 1252 902 1340 atque
934 1259 1015 1322 iranr
1046 1262 1230 1322 amatorum

53 1361 233 1435 concitent,
265 1379 337 1423 cum
369 1359 430 1423 hoc
460 1360 556 1424 modo
586 1361 707 1424 maiora
737 1380 870 1424 munera
899 1360 967 1423 elici
1000 1358 1132 1441 possint.
1183 1359 1231 1421 lta

55 1460 198 1542 legimus
219 1461 251 1523 in
274 1460 412 1524 Terentii
436 1461 610 1525 Heautont.
632 1461 693 1524 366
705 1482 751 1542 sq.

522 1559 590 1613 haec
607 1562 666 1613 arte
685 1559 824 1614 tractabat
843 1559 940 1622 virum,

258 1647 289 1698 ut
307 1645 380 1699 illius
396 1646 518 1700 animum
537 1645 666 1716 cupidum
685 1645 779 1714 inopia
797 1646 962 1700 incenderet.

58 1745 276 1812 Phronesium
309 1770 384 1813 vero
419 1751 448 1813 in
481 1751 586 1813 Plauti
616 1751 812 1814 Truculento
846 1755 910 1814 tres
942 1751 1036 1814 simul
1069 1751 1232 1813 amatores

58 1849 278 1913 aemulatione
309 1851 457 1932 impellit,
488 1856 523 1914 ut
552 1852 696 1914 certatim
730 1872 796 1916 rem
828 1872 921 1916 suam
944 1851 1082 1932 perdant
1104 1853 1135 1913 et
1157 1868 1232 1931 pro-

60 1949 209 2014 fundant.
253 1951 335 2014 Turn
367 1952 398 2014 id
427 1952 531 2033 ipsum
556 1951 725 2026 artificium
755 1952 960 2016 commendat
982 1951 1023 2014 ad
1047 1949 1232 2031 spoliandos

60 2054 227 2113 amatores
238 2051 341 2131 perita
354 2052 503 2115 meretrix
515 2052 627 2114 iuniori
642 2052 673 2113 in
685 2051 816 2115 Luciani
829 2053 903 2115 dial.
918 2071 994 2115 mer.
1011 2052 1094 2114 Vlll.
1125 2049 1230 2113 Etiam

61 2150 267 2231 Alciphronis
290 2150 444 2232 epistulae
466 2151 529 2215 huc
552 2153 668 2215 arcessi
689 2157 832 2232 possunt,
856 2173 893 2215 ex
912 2151 1029 2234 quibus
1044 2150 1227 2214 adscribam

61 2249 86 2312 ll
110 2251 170 2326 1,6
197 2257 279 2329 μέγα
308 2255 372 2310 τῶν
394 2247 595 2330 ’ἑταιριιυσιόν
624 2252 694 2314 ἐσιι
717 2252 868 2332 σόᾳισμα
897 2252 950 2312 αἰὶ
981 2253 1018 2313 τό
1043 2251 1152 2330 παρόν
1174 2253 1232 2331 τῆς

61 2349 278 2422 ἀπολαύσειας
308 2349 569 2430 amputamur
598 2357 668 2423 ταῖς
698 2352 808 2415 ἐλπίσι
838 2353 1025 2431 διακρατεῖν
1055 2351 1130 2422 τούς
1161 2349 1231 2429 ἐρα-

63 2448 144 2524 στιὶς
166 2471 231 2533 eqS.
327 2448 380 2512 ἵνα
395 2451 519 2530 μᾶλλον
541 2452 749 2526 ἐξάπτιανται
771 2457 838 2524 τοῖς
861 2449 1083 2538 διαστήμασιν
1104 2450 1231 2513 ἀντλού-

63 2571 175 2630 στιραι
204 2553 313 2614 αὐτῶν
335 2551 369 2613 αἱ
400 2557 520 2634 ψυχαί,
552 2556 780 2632 φοβουμένων,
811 2554 856 2635 μή
879 2550 959 2616 ἄλλα
984 2553 1082 2615 πάλιν
1104 2560 1233 2632 γένηται

62 2655 116 2736 τῆς
133 2654 169 2714 ἐν
185 2655 232 2731 τῷ
245 2649 386 2730 παρόντι
404 2649 502 2732 τύχῃς
518 2650 658 2733 κώλυμα.
691 2654 785 2716 Adde
796 2655 939 2735 Alciphr.
952 2656 964 2717 l
978 2655 1027 2730 37,
1040 2656 1073 2728 33
1094 2654 1230 2730 1115111.

63 2754 142 2817 Ecce
178 2772 282 2835 neque
321 2753 488 2834 Propertio
530 2773 634 2834 neque
666 2753 780 2818 Ouidio
821 2755 966 2834 ignotum
1005 2755 1131 2817 videtur
1168 2753 1230 2816 hac

63 2859 131 2918 arte
162 2873 306 2917 amorem
336 2855 444 2934 augeri
474 2859 506 2917 et
534 2855 684 2935 produci,
719 2875 791 2919 cum
822 2856 881 2937 ipsi
919 2855 1087 2919 iuvenibus
1116 2854 1231 2918 similia

63 2956 233 3020 suadeant:

94 3056 175 3125 Prop.
196 3054 222 3106 ll
243 3053 283 3122 14,
295 3054 326 3108 19
336 3070 375 3121 sq.

256 3141 309 3194 hoc
327 3139 397 3193 sensi
416 3137 541 3207 prodesse
561 3136 660 3205 magis!
686 3136 863 3194 contemnite,
882 3138 1020 3190 amantes:

325 3225 363 3279 sic
380 3223 460 3278 hodie
481 3223 583 3288 veniet,
609 3223 631 3276 si
651 3241 704 3290 qua
723 3223 836 3292 negavit
855 3221 922 3276 heri.

92 3312 174 3368 Ovid.
196 3315 247 3366 art.
267 3314 290 3365 ΙΙ
308 3312 360 3365 435
372 3330 409 3379 sq.

257 3401 328 3461 sunt,
348 3398 447 3466 quibus
464 3396 573 3465 ingrate
593 3393 692 3447 timida
711 3392 885 3460 indulgentia
903 3392 987 3446 servit

324 3488 361 3546 et,
380 3483 403 3536 si
422 3482 499 3536 nulla
517 3480 609 3534 subest
627 3479 745 3545 aemula,
766 3480 879 3547 languet
900 3495 974 3531 amor
994 3494 1047 3545 eqs.

58 3588 172 3670 Neque
213 3608 289 3651 vero
327 3589 358 3650 in
395 3587 608 3668 elegiacarum
650 3585 795 3647 lanarum
835 3583 1116 3647 adhortationibus
1152 3579 1229 3645 talia

59 3691 194 3754 desunt:

92 3796 176 3865 Prop.
196 3793 234 3846 lv
253 3797 277 3857 5.
288 3794 321 3847 29
331 3811 389 3862 sqq,

87 3888 90 3893 '
257 3884 284 3933 et
303 3880 431 3933 simulare
451 3895 557 3933 moram
576 3875 696 3946 pretium
715 3876 797 3929 facit:
816 3879 892 3930 utere
910 3873 1010 3928 causis:

327 3966 417 4019 maior
431 3965 519 4019 dilata
534 3968 614 4016 nocte
632 3966 752 4015 recurret
771 3979 855 4016 amor.

255 4052 279 4105 si
299 4052 351 4105 tibi
370 4052 441 4105 forte
459 4067 550 4105 comas
568 4048 708 4103 vexaverit
726 4048 803 4101 utilis
821 4049 877 4107 ira,

323 4141 385 4207 post
403 4136 483 4190 modo
502 4139 623 4189 mercata
641 4152 709 4204 pace
727 4133 890 4203 premendus
908 4132 969 4187 erit.
