2910 4920
586 78 791 142 -57-

302 269 381 308 curas
398 256 427 308 et
444 271 574 308 arcanum
592 256 682 311 iocoso

301 341 443 396 consilium
461 342 562 412 retegis
580 342 680 413 Lyaeo,

301 433 333 484 tu
350 446 425 500 spem
443 429 549 484 reducis
565 432 703 488 mentibus
721 435 810 490 anxiis

301 517 426 586 viresque
443 520 472 573 et
489 517 567 572 addis
580 535 683 576 cornua
695 523 809 593 pauperi
827 541 882 593 eqs.

150 623 240 677 noni.
262 621 272 673 1
293 621 317 684 r,
328 623 362 676 as
374 638 433 690 sqq.
545 609 547 614 '

301 708 423 763 Bacchus
442 711 470 763 et
485 708 622 776 agricolae
638 726 739 780 magno
757 712 883 767 confecta
901 713 994 770 labore

352 798 464 865 pectora
481 795 612 851 tristitiae
630 796 802 853 dissoluenda
818 799 904 855 dedit.

303 881 424 938 Bacchus
437 887 465 939 et
479 883 595 939 adflictis
607 885 728 954 requiem
750 888 911 944 mortalibus
923 890 1005 945 affert
1022 907 1077 960 eqs.

189 988 397 1053 Amatoribus
418 991 546 1066 autem,
580 991 633 1073 qui
665 992 695 1055 in
719 993 816 1074 elegis
845 995 964 1059 amoris
985 994 1093 1075 ignem
1124 994 1199 1059 vino
1219 1013 1274 1057 ex·

120 1087 252 1168 tinguere
282 1078 457 1168 conantur,
491 1111 556 1155 non
586 1094 683 1156 modo
710 1113 789 1180 non·
804 1094 958 1159 auxilium
981 1097 1056 1173 lert,
1089 1095 1146 1160 sed
1175 1094 1273 1158 etiam

124 1190 266 1270 cupidinis
284 1191 434 1255 ardorem
449 1192 552 1273 magis
573 1194 729 1259 accendit.
745 1194 767 1276 ¹)
797 1196 903 1273 Quam
918 1216 985 1261 rem
1005 1196 1273 1278 praetermittam,

125 1306 183 1352 cunr
204 1311 342 1372 persona
365 1291 487 1357 iuvenis
509 1293 662 1371 amantia
695 1296 750 1377 qui
779 1296 917 1363 furorem
949 1297 1068 1362 frustra
1093 1297 1169 1360 vino
1199 1315 1274 1378 pro·

125 1390 226 1468 pellere
248 1392 336 1470 vult,
366 1393 399 1456 in
429 1392 617 1474 fragmentis
640 1399 678 1459 et
710 1397 825 1461 fabulis
845 1399 995 1477 servatis,
1027 1398 1115 1480 quod
1143 1395 1274 1478 quidem

127 1491 218 1570 sciam,
234 1513 299 1557 nou
316 1498 479 1570 occurrat3
495 1514 696 1578 quamquam
713 1498 794 1562 tales
807 1499 937 1563 iuvenes
952 1498 1112 1564 aBaccho
1124 1497 1275 1579 deceptos

128 1588 178 1654 iam
211 1595 242 1658 in
276 1593 522 1661 Atheniensium
555 1615 685 1661 scenam
717 1599 891 1679 productos
923 1619 990 1664 esse
1023 1598 1166 1675 confide,
1197 1617 1273 1661 nam

48 1748 64 1771 ,ᾗ
90 1704 94 1709 ·
131 1687 255 1758 Bacchus
278 1694 386 1760 multis
407 1696 602 1760 comicorum
626 1698 720 1776 locis,
743 1699 783 1762 de
805 1700 922 1781 quihus
944 1720 1030 1764 nunc
1053 1719 1159 1780 agam,
1183 1697 1274 1781 quasi

44 1786 53 1806 ²
131 1785 240 1858 Veneris
270 1795 399 1860 adiutor
427 1800 458 1861 el
488 1798 592 1861 socius
626 1804 777 1880 apparel,
808 1801 894 1864 velut
916 1801 946 1864 in
966 1800 1162 1882 Antiphanis
1183 1797 1274 1862 Aeoli

10 1977 31 1994 ..
131 1885 221 1973 fragm.
247 1897 293 1974 18,
307 1898 335 1973 3,
357 1896 394 1961 K.
417 1895 443 1961 ll
465 1917 495 1978 p.
521 1898 558 1961 17

592 1992 652 2049 elsa
671 1999 837 2068 παραλαβών
855 2017 924 2051 ποτε

300 2079 378 2136 οἶνον
396 2087 558 2155 στρατηγόν,
579 2079 608 2143 ὃς
625 2086 711 2156 μόνος
730 2083 843 2156 θνητῶν
861 2083 927 2155 ἄγει

301 2165 352 2240 τὴν
371 2170 474 2243 τόλμαν
493 2168 533 2230 εὶς
552 2166 582 2223 τὸ
601 2175 709 2245 πρόσθε
728 2170 776 2242 τῆς
796 2167 947 2242 εὐβουλίας,

304 2261 408 2331 νύκτωρ
431 2252 552 2317 ἀναστὰς
570 2257 676 2329 ἔτυχεν,
695 2244 733 2313 ὧν
752 2255 886 2329 ἐβούλετο.

130 2351 200 2416 Plan.
215 2363 285 2419 Rud.
304 2362 355 2416 566

254 2449 300 2504 vel
318 2465 368 2519 ego
386 2464 480 2503 amare
498 2446 630 2501 utramvis
647 2464 764 2518 possum,
782 2446 805 2500 si
822 2447 907 2516 probe
926 2447 1043 2516 adpotus
1060 2445 1136 2502 siem.
1229 2498 1231 2502 ,

130 2525 156 2593 1¹¹
173 2535 305 2602 Terentii
327 2537 483 2603 Eunucho
507 2536 584 2599 dicit
605 2535 792 2600 adulescens
816 2535 923 2599 obrius
943 2535 1118 2600 meretricis
1139 2536 1275 2600 ancillae

130 2645 152 2694 l·
170 2635 222 2704 730
232 2658 303 2722 sqq.

428 2733 497 2798 vah,
523 2737 627 2802 quanto
646 2752 719 2788 nunc
738 2735 882 2789 formosior

306 2821 399 2877 videre
417 2820 588 2890 mihiquem
609 2821 729 2876 dudum!

11 2900 17 2941 ἶ
128 2916 171 2995 llic
190 2935 299 2996 autem
321 2927 517 2992 hocvinum
541 2929 682 2993 effecisse
704 2929 913 3005 demonstrat,
936 2947 1009 2992 cum
1031 2928 1219 3009 respondet:

302 3032 377 3084 certo
393 3031 426 3082 tu
443 3028 554 3097 quidem
573 3029 618 3098 pol
637 3029 725 3082 multo
746 3027 869 3082 hilarior.

127 3121 172 3195 Cui
190 3153 346 3217 responso
367 3134 555 3200 adulescens
574 3134 753 3210 assentitur,
776 3152 852 3197 nam
877 3134 971 3197 dicit:

166 3233 275 3287 uerbum
293 3232 385 3289 hercle
403 3234 456 3291 hoc
473 3251 566 3288 verum
584 3233 636 3287 erit
653 3227 722 3287 ‘sine
741 3233 837 3288 terere
854 3234 883 3286 et
902 3231 998 3287 Libero
1015 3231 1101 3300 friget
1118 3224 1227 3285 Venus'.

128 3309 283 3387 Verbosius
304 3341 381 3386 vero
403 3323 534 3405 exponit
553 3322 666 3386 eadem
685 3320 827 3397 Ovidius,
850 3321 905 3403 qui
927 3322 1021 3386 simul
1037 3319 1277 3384 consensionem

126 3453 302 3472 g..—

183 3545 203 3608 l)
226 3542 328 3597 Tibull.
347 3542 359 3596 1
379 3543 404 3611 2,
416 3543 426 3596 l
440 3561 500 3613 sqq.
521 3544 621 3599 Tibull.
642 3545 654 3596 I
674 3545 697 3605 5,
708 3545 741 3598 37
753 3562 811 3613 sqq.
831 3543 930 3598 'libull
950 3543 989 3598 ΙΙΙ
1008 3544 1032 3606 6,
1044 3543 1056 3597 l
1068 3559 1126 3611 sqq.
1145 3541 1225 3610 Prop.
1243 3533 1279 3594 Ill

126 3619 246 3700 ltnqq.
266 3628 345 3684 oea.
365 3630 471 3685 heron.
491 3631 540 3685 xv
562 3632 645 3699 (xm
665 3632 764 3701 saosq.
784 3631 854 3685 om
881 3631 1103 3698 ‚emensossqq
1130 3627 1278 3698 Asclepiad.

125 3714 188 3770 neh.
206 3717 264 3772 Pal.
283 3716 336 3771 XII
356 3718 398 3772 50.
440 3718 577 3789 Meleager
596 3719 672 3773 anth.
694 3720 748 3773 Pal.
768 3721 817 3774 Xll
836 3721 878 3773 49.
915 3719 1064 3787 Alciphrou
1085 3716 1162 3786 epist.
1183 3719 1193 3770 l
1213 3717 1279 3780 35,2

125 3795 224 3859 fortusse
247 3803 381 3858 comicum
404 3806 540 3874 quendam
564 3806 698 3859 inritatur.
734 3806 774 3860 cf.
792 3807 955 3867 Volkmann,
980 3805 1071 3859 studia
1089 3804 1281 3873 Alciphronea.

125 3880 256 3946 lausus.
277 3890 354 3956 1886,
373 3909 399 3962 p.
418 3891 519 3960 23sqq.
