2910 4920
551 333 756 398 ...27-

55 507 222 570 imitatur.
235 505 257 585 ¹)
300 506 365 570 Nec
382 527 446 571 non
457 508 610 573 Martialis
625 512 724 576 verba
740 513 864 578 laudari
877 521 1020 598 possunt,
1038 536 1237 600 quamquam

55 627 134 671 non
156 607 279 689 puellis,
299 607 356 670 sed
376 609 484 689 pueris
505 609 671 675 dicuntur:

100 712 240 767 Martialis
259 711 345 780 epigr.
365 714 388 765 ll
410 716 442 766 12
624 773 626 777 ¹

215 814 271 852 esse
289 798 356 866 qnid
374 798 426 852 hoo
445 799 543 863 dicam,
562 800 636 867 qnod
654 801 728 855 olent
746 804 795 855 tua
813 801 890 856 basia
908 803 1050 871 myrrham

270 884 397 952 quodque
415 883 468 938 tibi
487 888 528 938 est
545 904 686 954 nunquam
704 903 761 940 non
779 888 885 942 alienus
904 889 992 943 odor?

215 969 267 1023 hoc
285 970 354 1023 mihi
371 974 526 1040 suspectum
545 975 594 1040 est,
611 973 684 1041 quod
703 973 757 1027 oles
776 973 853 1044 bene,
872 974 1008 1040 Postume,
1027 994 1141 1048 semper,

265 1059 401 1117 Postume,
420 1073 477 1110 non
495 1057 565 1111 bene
582 1059 638 1113 olet
656 1059 704 1128 qui
724 1059 793 1114 bene
811 1078 917 1131 semper
935 1062 998 1117 olet.

100 1149 237 1204 Martialis
256 1150 294 1202 VI
313 1152 354 1218 55,
364 1150 381 1202 4
392 1168 431 1219 sq.

216 1236 290 1290 vides
308 1252 365 1299 nos,
385 1235 523 1297 Coracine,
542 1235 582 1287 nil
600 1236 716 1290 olentes:

213 1322 287 1376 malo
308 1340 392 1390 quam
410 1322 480 1376 bene
498 1325 571 1375 olere
589 1321 629 1374 nil
648 1321 730 1376 olere.

55 1412 240 1476 Praeterea
270 1411 369 1474 etiam
398 1409 543 1473 Tibullus
574 1414 605 1473 et
632 1409 846 1473 Philostratus
874 1416 1111 1492 unguentorum
1142 1435 1236 1479 usum

55 1532 127 1594 pro
150 1509 321 1574 senectutis
343 1508 461 1572 indicio
484 1508 614 1573 habent.
658 1509 699 1572 Hi
722 1510 853 1592 quidem
875 1511 935 1575 ita:

100 1616 204 1669 Tibull.
222 1617 232 1668 l
251 1615 275 1678 8,
285 1613 320 1666 42
329 1631 388 1682 sqq.
1088 1674 1090 1677 Ι

215 1705 275 1754 tum
294 1699 414 1753 studium
432 1699 571 1766 formaest,
589 1702 743 1753 comatum
761 1702 892 1763 mutatur,
910 1703 942 1754 ut
961 1717 1048 1754 annos

267 1787 418 1841 dissimulet
437 1784 518 1838 viridi
535 1784 636 1838 cortice
655 1784 743 1839 tincta
761 1784 850 1838 nucis:

214 1873 310 1927 tollere
327 1875 388 1926 tum
407 1874 498 1926 curast
515 1871 590 1925 albos
610 1888 628 1925 a
645 1871 730 1940 stirpe
748 1871 861 1941 capillos

268 1959 412 2014 etfaciam
431 1957 545 2027 dempta
564 1958 633 2025 pelle
650 1959 751 2013 referre
770 1975 878 2012 novam.

59 2045 251 2111 Philostral.
285 2067 333 2128 ep.
356 2046 411 2110 XL
445 2045 462 2125 ἡ
496 2050 726 2126 πυρσαίνουσα
758 2045 868 2125 μίλτος
897 2046 939 2107 τοὶ
969 2043 1059 2125 χείλη
1091 2043 1146 2104 καὶ
1174 2040 1235 2126 τήν

61 2147 210 2226 παρειάν
231 2145 403 2227 γράφουσα
425 2141 559 2225 κώλυμα
582 2143 790 2228 φιλημάτων,
813 2149 986 2225 κατηγορεῖ
1004 2145 1041 2206 δὲ
1063 2143 1117 2205 καὶ
1139 2147 1235 2228 γῆρας

61 2249 127 2308 τοῦ
149 2242 337 2325 προςώπου,
367 2244 421 2326 ὑφ’
443 2233 482 2308 οὗ
512 2244 667 2307 πελιδνὸν
689 2250 750 2325 μὲν
778 2247 816 2307 τό
840 2242 967 2324 στόμα,
1001 2244 1083 2330 divor)
1114 2243 1235 2323 παρειοὶ

60 2346 119 2407 καὶ
154 2346 278 2424 ἔξωρος.
318 2344 392 2423 ἴσχε
423 2345 464 2429 δή
495 2351 761 2424 χρωματοποιίαν
783 2347 837 2407 καὶ
870 2347 975 2429 μηδὲν
1012 2346 1156 2408 ἐπιποίει
1188 2347 1233 2424 τῷ

63 2445 187 2523 κάλλει,
209 2445 254 2527 μή
271 2444 325 2506 καὶ
337 2445 520 2533 γράψωμαί
533 2464 571 2509 σε
588 2442 688 2530 γήρως
702 2447 758 2508 e'rci
780 2451 819 2529 τῇ
841 2450 899 2510 τοῦ
924 2444 1095 2526 προςώπου
1117 2447 1233 2526 γραφῇ.

64 2547 113 2610 Cf.
139 2545 306 2610 Claudian.
330 2546 427 2626 epigr.
452 2564 555 2626 graec.
581 2548 609 2609 3.
682 2625 684 2628 Α

153 2645 365 2724 interroganti
380 2664 455 2708 vero
471 2644 672 2722 Philematio,
695 2665 771 2707 num
796 2645 929 2725 capillus
946 2644 1022 2708 satis
1040 2643 1236 2724 compositus

65 2747 118 2822 sit,
142 2743 313 2824 respondet
339 2743 467 2825 Scapha
489 2764 518 2807 v.
537 2745 599 2808 253

215 2841 263 2894 ubi
281 2844 312 2895 tn
330 2842 525 2907 commodam,
545 2843 676 2912 capillum
693 2843 866 2898 commodum
885 2861 941 2898 esse
959 2844 1071 2898 credito.

67 2929 162 3006 Quod
185 2930 334 3011 Scaphae
354 2935 561 3012 praeceptum
580 2932 694 2995 iterum
716 2951 736 2994 a
754 2931 922 3013 Propertio
944 2936 975 2997 et
998 2931 1124 2996 Tibullo
1147 2946 1234 2991 com·

68 3028 234 3110 probatur,
266 3049 338 3092 cum
368 3030 428 3112 ipsi
458 3050 586 3112 quoque
618 3032 742 3097 amicae
773 3033 923 3113 capillum
951 3051 1056 3114 neque
1084 3034 1234 3095 ornatum

67 3148 174 3209 neque
197 3128 408 3211 compositum
433 3149 500 3194 esse
523 3132 670 3212 cupiant:

104 3232 183 3303 Prop.
203 3233 216 3286 I
235 3234 284 3303 2,1

118 3355 121 3361 -
216 3318 283 3388 qnid
301 3318 378 3374 iuvat
397 3324 494 3373 ornato
513 3321 665 3390 procedere,
684 3320 750 3384 vita,
769 3320 887 3391 capillo?

110 3411 211 3466 Tibull.
230 3412 241 3465 Ι
260 3412 360 3480 8,9sq.

217 3498 283 3568 quid
300 3499 354 3552 tibi
371 3517 444 3554 nunc
462 3499 556 3553 molles
573 3498 684 3568 prodest
701 3496 814 3552 coluisse
831 3497 964 3567 capillos?

270 3601 404 3655 saepeque
422 3587 545 3638 mutatas
563 3583 725 3654 disposuisse
743 3584 856 3637 comas?
882 3600 937 3652 eqs.

70 3669 249 3752 Praecipue
281 3674 390 3736 autem
423 3692 496 3736 cum
531 3672 659 3736 comicis
689 3671 824 3735 crinium
855 3670 1081 3752 tingendorum
1112 3687 1250 3734 morem.

69 3770 255 3852 vituperant
267 3794 274 3835 :

145 3974 168 4038 l)
188 3973 283 4044 Neque
301 3975 447 4030 Horatiani
472 3975 599 4029 carminis
618 3977 627 4028 1
648 3976 663 4027 8
688 3964 895 4044 argumentum,
921 3973 991 4042 quod
1019 3972 1153 4026 artissime
1176 3989 1238 4026 cum

70 4059 252 4114 Mostellariae
267 4079 291 4114 v.
304 4062 353 4114 149
366 4079 424 4129 sqq.
438 4061 573 4131 congruit,
590 4079 622 4114 ex
632 4061 741 4122 Plauto,
759 4060 806 4115 sed
821 4078 854 4114 ex
864 4061 965 4114 Graeco
976 4063 1088 4113 auctore
1105 4057 1239 4127 originem

70 4144 170 4200 ducere
188 4146 245 4199 iam
265 4147 373 4204 monuit
390 4147 568 4218 Kiesslingius
586 4148 629 4202 ad.
648 4148 744 4202 Horat.
763 4164 847 4201 carm.
864 4149 875 4200 l
895 4148 920 4200 8.
