2910 4920
625 288 830 350 -79-

142 461 170 524 in
203 482 272 544 qua
307 481 392 526 nova
423 463 584 544 quaedam
615 464 764 527 meretrix
791 464 918 528 scribit:
954 463 1025 526 ἄλλ’
1057 465 1152 544 ἔγωγε
1185 464 1312 549 παλαιᾷ

141 564 290 623 συνοῦσα
314 559 604 642 παρνοδιδασκάλῳ
625 565 665 645 τῇ
686 563 814 644 uidetur]
845 563 898 624 ucri
921 566 988 636 ταῖς
1010 563 1131 646 ἐκείνης
1154 563 1308 642 ἐρασταῖς

139 663 224 721 κατα
256 656 430 741 πρόφασιν
459 659 619 740 ὁμιλοῦσα
649 661 745 724 οὐδὲν
774 663 873 736 ἔδοξα
904 661 1098 745 δυσμαθής,
1132 663 1217 726 α’λλα
1250 666 1311 726 τόν

139 759 306 839 ἑταιρικόν
326 754 390 842 ἤδη
411 760 614 850 pausias-qun
635 765 710 841 βίον
732 783 797 844 eqS.

225 859 313 937 Quid
335 860 421 941 quod
451 861 548 924 etiam
572 861 752 942 decrepitas
773 862 841 925 illas
863 860 1061 934 meretrices
1093 881 1174 943 quas
1203 863 1234 925 in
1259 883 1312 928 co·

138 960 279 1024 moediis
295 960 372 1023 artis
386 960 564 1024 amatoriae
580 961 750 1040 magistras
769 961 917 1037 vidimus,
940 960 971 1023 in
994 959 1090 1039 elegis
1110 962 1312 1042 reperimus?

136 1059 269 1140 Nempe
291 1058 436 1122 Tibullus
458 1063 642 1123 exsecratur
671 1060 768 1124 talem
801 1060 951 1123 callidam
975 1059 1079 1124 lenam
1104 1061 1116 1123 I
1139 1063 1168 1136 5,
1180 1062 1220 1126 47
1232 1082 1313 1144 sqq,

137 1161 237 1222 cuius
258 1163 431 1240 praecepta
455 1159 578 1222 Deliam
601 1164 854 1237 commoverunt,
879 1163 915 1223 ut
938 1164 1067 1241 poetam
1086 1160 1190 1241 ipsum
1207 1162 1313 1225 exclu-

138 1260 237 1322 deret
259 1262 357 1340 atque
381 1258 511 1322 divitem
535 1263 712 1323 amatorem
735 1261 899 1341 reciperet.
952 1259 1105 1340 Idemque
1128 1261 1272 1342 queritur
1290 1261 1316 1324 ll

139 1364 172 1433 o,
184 1358 312 1438 d4sqq.
334 1357 440 1421 lenam
462 1357 522 1421 sibi
545 1379 661 1423 nocere
680 1364 711 1423 et
730 1361 869 1424 amicam
887 1360 1030 1442 perdere.
1074 1360 1172 1424 Cuius
1185 1361 1316 1425 calami-

140 1457 225 1521 tatis
246 1457 367 1520 socium
391 1457 540 1521 Ovidium
570 1459 685 1537 habet,
715 1461 769 1542 qui
799 1460 909 1523 scribit
940 1480 1031 1524 amor
1053 1461 1091 1523 lIl
1113 1461 1198 1538 sto
1218 1460 1316 1541 ‘inge-

140 1557 237 1620 nium
262 1556 412 1625 dominae
432 1558 505 1621 lena
518 1559 671 1622 movebat
687 1559 786 1623 anus‘.
830 1560 930 1624 Plane
946 1565 1054 1624 autem
1071 1561 1211 1626 comicas
1228 1561 1317 1625 lenas

142 1677 179 1719 se
193 1656 353 1737 praebent
366 1676 447 1719 anus
463 1657 535 1721 illae
549 1677 668 1722 avarae
685 1663 717 1723 et
731 1659 924 1737 vinolentae,
947 1648 1029 1744 quas
1048 1661 1233 1743 Propertius
1247 1662 1318 1725 IV5

146 1761 178 1819 et
200 1754 336 1818 Ovidius
358 1756 369 1819 l
390 1758 411 1821 8
433 1756 626 1821 describunt.

239 1871 383 1950 Quarum
408 1873 635 1954 magistrarum
655 1880 828 1956 praecepta
856 1894 942 1938 nunc
964 1874 1143 1938 audiamus.
1187 1876 1234 1938 Ac
1257 1876 1322 1956 pri·

146 1991 240 2035 mum
270 1972 400 2053 quidem
430 1972 584 2054 pulchrae
616 1977 798 2039 meretrices
826 1976 1058 2051 admonentur,
1088 1978 1124 2046 ut
1154 1975 1257 2037 forma
1286 1978 1317 2037 et

148 2073 316 2135 iuventute
345 2073 387 2135 ad
415 2073 587 2154 pecuniam
617 2075 870 2154 comparandam
903 2079 935 2138 ct
970 2073 1155 2155 spoliandos
1186 2073 1317 2137 iuvenes

148 2175 296 2244 utantur,
320 2191 361 2235 ne
382 2176 493 2253 postea
509 2173 596 2252 rugis
611 2173 731 2236 obortis
750 2178 848 2255 atque
868 2173 957 2237 canis
973 2172 1094 2254 capillis
1110 2173 1152 2236 ab
1167 2173 1317 2237 omnibus

150 2269 354 2335 amatoribus
385 2271 514 2335 relictae
547 2272 579 2335 in
608 2274 689 2336 tristi
721 2277 912 2355 paupertate
944 2273 1063 2337 vivant.
1122 2273 1246 2350 Quibus
1278 2274 1318 2336 de

150 2370 258 2434 causis
279 2369 408 2450 Scapha
431 2371 462 2433 in
484 2371 588 2434 Plauti
612 2373 803 2437 Mostellaria
826 2372 1051 2459 Philematium
1075 2372 1117 2436 ad
1147 2372 1318 2436 avaritiam

151 2474 184 2533 et
207 2474 376 2551 quaestum
400 2470 583 2534 faciendum
605 2472 740 2537 incitare
761 2476 912 2536 conatur:

188 2567 268 2620 Μ’
289 2566 406 2634 ¹⁹4⁸qq'
932 2633 1160 2702 sruuoeprane

1162 2673 1169 2701 2

243 2717 409 2787 quasillum
429 2718 481 2773 tibi
499 2722 641 2774 aeternum
661 2722 740 2789 putes
759 2719 817 2774 fore
835 2719 954 2773 amicum
973 2723 1001 2774 et
1018 2719 1235 2773 benevolentem.

244 2821 341 2859 moneo
359 2820 410 2873 ego
429 2807 471 2858 te:
498 2808 525 2859 te
543 2805 588 2860 ille
606 2806 712 2860 deseret
730 2809 821 2861 aetate
839 2810 868 2861 et
885 2806 1021 2860 satietate.

192 2917 215 2952 v.
236 2898 286 2951 200
297 2915 355 2966 sqq.

154 2991 245 3045 nihilo
263 3008 313 3061 ego
333 3009 417 3060 quam
435 3010 508 3047 nuno
526 2994 556 3045 tu
577 2991 650 3058 †††
669 2993 763 3044 amata
775 3007 849 3052 sum;
871 2992 954 3057 atque
967 2987 1015 3042 uni
1027 2988 1108 3041 modo
1121 2985 1192 3055 gessi
1205 3003 1325 3040 morem:

154 3078 204 3147 qui
222 3079 269 3148 pol
288 3095 339 3145 me,
358 3078 406 3132 ubi
424 3082 515 3133 aetate
533 3079 585 3132 hoc
603 3079 686 3146 caput
701 3075 818 3131 colorem
837 3074 1027 3142 commutavit,

154 3163 270 3234 reliquit
286 3164 457 3234 deseruitque
475 3181 526 3219 me.
554 3164 607 3218 tibi
625 3163 697 3218 idem
715 3163 840 3216 futurum
859 3161 946 3217 credo.

191 3277 216 3312 v.
238 3258 288 3311 216
297 3275 336 3326 sq.

246 3354 276 3406 at
293 3353 345 3405 hoo
363 3367 450 3404 unum
468 3346 553 3402 facito
571 3346 686 3416 cogites:
713 3345 736 3399 si
753 3345 830 3398 illum
849 3344 992 3400 inservibis
1010 3344 1105 3408 solum,

247 3437 312 3491 dum
331 3436 384 3491 tibi
402 3452 475 3488 nunc
493 3434 560 3488 haec
578 3433 740 3495 meatum,
765 3432 795 3484 in
814 3435 922 3486 senecta
940 3431 1011 3485 male
1029 3446 1150 3498 querere.

194 3547 238 3602 uf.
256 3547 343 3601 Plaut.
362 3545 434 3598 Pers.
455 3543 572 3610 229sqq.

251 3639 367 3709 temperi
386 3638 458 3691 hanc
478 3635 591 3703 vigilare
610 3638 719 3704 oportet
737 3633 883 3686 formulam
902 3635 985 3700 atque
1004 3631 1163 3691 aetatulam,

249 3724 358 3786 neubi
377 3722 562 3791 versicapillus
582 3722 644 3785 fias,
672 3720 750 3776 foede
769 3735 875 3788 semper
893 3718 1002 3786 servias,

195 3823 227 3874 et
243 3819 354 3872 Terent.
373 3815 523 3869 Heautont.
542 3813 593 3869 389
603 3831 661 3882 sqq.

469 3908 559 3960 forma
577 3906 686 3976 impulsi
703 3907 798 3959 nostra
813 3921 862 3958 nos
881 3906 1018 3958 amatores
1036 3901 1132 3956 colunt
1141 3921 1147 3964 ;

252 3995 319 4051 baec
336 3995 385 4049 ubi
400 3993 588 4063 imminutam,
614 3993 654 4047 illi
674 4010 753 4046 suum
772 3991 896 4046 animum
913 3990 968 4045 alio
986 3990 1140 4057 conferunt,

251 4083 303 4136 nisi
323 4083 345 4135 si
364 4083 538 4152 prospectum
557 4080 664 4134 interea
683 4078 789 4147 aliquid
808 4080 861 4132 est.
887 4076 1010 4130 desertae
1029 4074 1152 4128 vivimus.
