<?xml version="1.0" encoding="UTF-8"?>
<!DOCTYPE html PUBLIC "-//W3C//DTD XHTML 1.0 Transitional//EN"
    "http://www.w3.org/TR/xhtml1/DTD/xhtml1-transitional.dtd">
<html xmlns="http://www.w3.org/1999/xhtml" xml:lang="en" lang="en">
 <head>
  <title>
</title>
<meta http-equiv="Content-Type" content="text/html;charset=utf-8" />
  <meta name='ocr-system' content='tesseract 3.04.00' />
  <meta name='ocr-capabilities' content='ocr_page ocr_carea ocr_par ocr_line ocrx_word'/>
</head>
<body>
  <div class='ocr_page' id='page_1' title='image "./depoesiamatoria00hoelgoog_0032.png"; bbox 0 0 2910 4920; ppageno 0'>
   <div class='ocr_carea' id='block_1_1' title="bbox 384 327 760 392">
    <p class='ocr_par' dir='ltr' id='par_1_1' title="bbox 384 327 760 392">
     <span class='ocr_line' id='line_1_1' title="bbox 384 327 760 392; baseline -0.016 0"><span class='ocrx_word' id='word_1_1' title='bbox 384 329 445 364; x_wconf 74' lang='lat'><em>0</em></span> <span class='ocrx_word' id='word_1_2' title='bbox 552 327 760 392; x_wconf 35' lang='lat' dir='ltr'><strong>-ssff</strong></span> 
     </span>
    </p>
   </div>
   <div class='ocr_carea' id='block_1_2' title="bbox 56 497 1239 1344">
    <p class='ocr_par' dir='ltr' id='par_1_2' title="bbox 100 497 1130 658">
     <span class='ocr_line' id='line_1_2' title="bbox 100 497 352 558; baseline -0.02 -1"><span class='ocrx_word' id='word_1_3' title='bbox 100 501 180 558; x_wconf 89' lang='lat' dir='ltr'><strong>Ovid.</strong></span> <span class='ocrx_word' id='word_1_4' title='bbox 200 503 251 556; x_wconf 86' lang='lat' dir='ltr'><strong>art.</strong></span> <span class='ocrx_word' id='word_1_5' title='bbox 270 501 281 553; x_wconf 93' lang='grc' dir='ltr'>Ι</span> <span class='ocrx_word' id='word_1_6' title='bbox 302 497 352 553; x_wconf 85' lang='grc'><strong>509</strong></span> 
     </span>
     <span class='ocr_line' id='line_1_3' title="bbox 289 582 1130 658; baseline 0.011 -20"><span class='ocrx_word' id='word_1_7' title='bbox 289 585 379 638; x_wconf 90' lang='lat' dir='ltr'><strong>forma</strong></span> <span class='ocrx_word' id='word_1_8' title='bbox 396 582 469 637; x_wconf 84' lang='lat' dir='ltr'><strong>viros</strong></span> <span class='ocrx_word' id='word_1_9' title='bbox 488 585 609 640; x_wconf 76' lang='lat' dir='ltr'>neclecta</span> <span class='ocrx_word' id='word_1_10' title='bbox 628 586 714 643; x_wconf 89' lang='lat' dir='ltr'><strong>decet.</strong></span> <span class='ocrx_word' id='word_1_11' title='bbox 1129 655 1130 658; x_wconf 8' lang='grc' dir='ltr'><strong>Ἴ</strong></span> 
     </span>
    </p>

    <p class='ocr_par' dir='ltr' id='par_1_3' title="bbox 56 674 1239 1344">
     <span class='ocr_line' id='line_1_4' title="bbox 59 674 1239 778; baseline 0.006 -29"><span class='ocrx_word' id='word_1_12' title='bbox 59 685 219 765; x_wconf 88' lang='lat' dir='ltr'><strong>Denique</strong></span> <span class='ocrx_word' id='word_1_13' title='bbox 241 681 471 745; x_wconf 74' lang='lat' dir='ltr'><strong>philostratum</strong></span> <span class='ocrx_word' id='word_1_14' title='bbox 496 679 603 757; x_wconf 67' lang='lat' dir='ltr'><strong>adeas</strong></span> <span class='ocrx_word' id='word_1_15' title='bbox 626 684 714 764; x_wconf 86' lang='lat' dir='ltr'><strong>apud</strong></span> <span class='ocrx_word' id='word_1_16' title='bbox 736 705 832 766; x_wconf 91' lang='lat' dir='ltr'><strong>quem</strong></span> <span class='ocrx_word' id='word_1_17' title='bbox 853 674 997 754; x_wconf 81' lang='lat' dir='ltr'><strong>invenies</strong></span> <span class='ocrx_word' id='word_1_18' title='bbox 1015 674 1064 776; x_wconf 85' lang='lat' dir='ltr'><strong>ep.</strong></span> <span class='ocrx_word' id='word_1_19' title='bbox 1083 692 1169 758; x_wconf 88' lang='lat' dir='ltr'><strong>XXll</strong></span> <span class='ocrx_word' id='word_1_20' title='bbox 1184 681 1185 684; x_wconf 23' lang='lat'>¹</span> <span class='ocrx_word' id='word_1_21' title='bbox 1199 679 1239 778; x_wconf 76' lang='lat' dir='ltr'><strong>sd</strong></span> 
     </span>
     <span class='ocr_line' id='line_1_5' title="bbox 57 778 1239 877; baseline 0.012 -33"><span class='ocrx_word' id='word_1_22' title='bbox 57 783 96 844; x_wconf 85' lang='grc' dir='ltr'><strong>δ’</strong></span> <span class='ocrx_word' id='word_1_23' title='bbox 128 778 319 860; x_wconf 76' lang='grc' dir='ltr'><strong><em>α’κόσμητον</em></strong></span> <span class='ocrx_word' id='word_1_24' title='bbox 350 778 485 861; x_wconf 75' lang='grc' dir='ltr'><strong><em>α’ληθῶς</em></strong></span> <span class='ocrx_word' id='word_1_25' title='bbox 513 778 614 840; x_wconf 79' lang='grc' dir='ltr'><strong><em>καλόν</em></strong></span> <span class='ocrx_word' id='word_1_26' title='bbox 642 787 672 846; x_wconf 84' lang='lat' dir='ltr'><strong>el</strong></span> <span class='ocrx_word' id='word_1_27' title='bbox 694 784 789 864; x_wconf 77' lang='lat' dir='ltr'><strong>imag.</strong></span> <span class='ocrx_word' id='word_1_28' title='bbox 814 786 839 849; x_wconf 90' lang='lat' dir='ltr'><strong>ll</strong></span> <span class='ocrx_word' id='word_1_29' title='bbox 861 789 927 866; x_wconf 83' lang='lat'><strong>7‚5</strong></span> <span class='ocrx_word' id='word_1_30' title='bbox 955 791 1008 851; x_wconf 84' lang='grc' dir='ltr'><strong>καὶ</strong></span> <span class='ocrx_word' id='word_1_31' title='bbox 1037 791 1057 871; x_wconf 76' lang='grc' dir='ltr'><em>ἦ</em></span> <span class='ocrx_word' id='word_1_32' title='bbox 1086 793 1162 877; x_wconf 75' lang='grc' dir='ltr'><em>δέρη</em></span> <span class='ocrx_word' id='word_1_33' title='bbox 1192 779 1239 857; x_wconf 83' lang='grc' dir='ltr'><strong>ἔτι</strong></span> 
     </span>
     <span class='ocr_line' id='line_1_6' title="bbox 56 879 1234 969; baseline 0.015 -27"><span class='ocrx_word' id='word_1_34' title='bbox 56 882 168 967; x_wconf 70' lang='grc' dir='ltr'><strong><em>ἡδίων</em></strong></span> <span class='ocrx_word' id='word_1_35' title='bbox 191 880 257 941; x_wconf 73' lang='grc' dir='ltr'><strong>ὑπὸ</strong></span> <span class='ocrx_word' id='word_1_36' title='bbox 280 882 338 940; x_wconf 84' lang='grc' dir='ltr'><strong>τοῦ</strong></span> <span class='ocrx_word' id='word_1_37' title='bbox 360 879 406 962; x_wconf 70' lang='grc' dir='ltr'><strong>μή</strong></span> <span class='ocrx_word' id='word_1_38' title='bbox 429 883 666 962; x_wconf 68' lang='grc' dir='ltr'><strong><em>κεκοσμῆσθαι.</em></strong></span> <span class='ocrx_word' id='word_1_39' title='bbox 708 885 818 964; x_wconf 84' lang='lat' dir='ltr'>Adde,</span> <span class='ocrx_word' id='word_1_40' title='bbox 848 890 935 969; x_wconf 90' lang='lat' dir='ltr'><strong>quod</strong></span> <span class='ocrx_word' id='word_1_41' title='bbox 957 889 989 954; x_wconf 93' lang='lat' dir='ltr'><strong>in</strong></span> <span class='ocrx_word' id='word_1_42' title='bbox 1011 891 1234 959; x_wconf 90' lang='lat' dir='ltr'><strong>Romanorum</strong></span> 
     </span>
     <span class='ocr_line' id='line_1_7' title="bbox 57 978 1239 1070; baseline 0.012 -25"><span class='ocrx_word' id='word_1_43' title='bbox 57 982 164 1062; x_wconf 85' lang='lat' dir='ltr'><strong>elegis</strong></span> <span class='ocrx_word' id='word_1_44' title='bbox 185 979 341 1061; x_wconf 87' lang='lat' dir='ltr'><strong>imprimis</strong></span> <span class='ocrx_word' id='word_1_45' title='bbox 364 978 518 1059; x_wconf 84' lang='lat' dir='ltr'><strong>incompti</strong></span> <span class='ocrx_word' id='word_1_46' title='bbox 541 983 573 1042; x_wconf 84' lang='lat' dir='ltr'><strong>et</strong></span> <span class='ocrx_word' id='word_1_47' title='bbox 593 980 661 1045; x_wconf 88' lang='lat' dir='ltr'><strong>sine</strong></span> <span class='ocrx_word' id='word_1_48' title='bbox 676 987 745 1047; x_wconf 86' lang='lat' dir='ltr'><strong>arte</strong></span> <span class='ocrx_word' id='word_1_49' title='bbox 764 985 899 1050; x_wconf 84' lang='lat' dir='ltr'><strong>fluentes</strong></span> <span class='ocrx_word' id='word_1_50' title='bbox 920 989 1024 1070; x_wconf 90' lang='lat' dir='ltr'><strong>capilli</strong></span> <span class='ocrx_word' id='word_1_51' title='bbox 1036 991 1239 1059; x_wconf 78' lang='lat' dir='ltr'><strong>laudanturz·</strong></span> 
     </span>
     <span class='ocr_line' id='line_1_8' title="bbox 56 1077 1233 1168; baseline 0.014 -24"><span class='ocrx_word' id='word_1_52' title='bbox 56 1081 182 1146; x_wconf 92' lang='lat' dir='ltr'><strong>Tibull.</strong></span> <span class='ocrx_word' id='word_1_53' title='bbox 205 1079 245 1142; x_wconf 93' lang='lat' dir='ltr'><strong>lll</strong></span> <span class='ocrx_word' id='word_1_54' title='bbox 271 1078 299 1155; x_wconf 65' lang='lat' dir='ltr'><strong>t,</strong></span> <span class='ocrx_word' id='word_1_55' title='bbox 319 1079 354 1141; x_wconf 87' lang='lat'><strong>11</strong></span> <span class='ocrx_word' id='word_1_56' title='bbox 379 1099 443 1160; x_wconf 84' lang='lat' dir='ltr'><strong>sq.;</strong></span> <span class='ocrx_word' id='word_1_57' title='bbox 476 1077 571 1160; x_wconf 89' lang='lat' dir='ltr'><strong>Prop.</strong></span> <span class='ocrx_word' id='word_1_58' title='bbox 597 1080 622 1144; x_wconf 94' lang='lat' dir='ltr'><strong>ll</strong></span> <span class='ocrx_word' id='word_1_59' title='bbox 652 1084 680 1160; x_wconf 88' lang='lat'><strong>3,</strong></span> <span class='ocrx_word' id='word_1_60' title='bbox 703 1086 754 1160; x_wconf 76' lang='lat'><strong>133</strong></span> <span class='ocrx_word' id='word_1_61' title='bbox 786 1085 825 1148; x_wconf 94' lang='lat' dir='ltr'><strong>lll</strong></span> <span class='ocrx_word' id='word_1_62' title='bbox 852 1089 880 1166; x_wconf 85' lang='lat'><strong>6,</strong></span> <span class='ocrx_word' id='word_1_63' title='bbox 902 1095 937 1168; x_wconf 81' lang='lat'><strong>93</strong></span> <span class='ocrx_word' id='word_1_64' title='bbox 972 1089 1064 1155; x_wconf 81' lang='lat' dir='ltr'><strong>Ovid</strong></span> <span class='ocrx_word' id='word_1_65' title='bbox 1092 1113 1193 1160; x_wconf 89' lang='lat' dir='ltr'><strong>amor.</strong></span> <span class='ocrx_word' id='word_1_66' title='bbox 1219 1097 1233 1160; x_wconf 98' lang='lat' dir='ltr'><strong>l</strong></span> 
     </span>
     <span class='ocr_line' id='line_1_9' title="bbox 58 1178 1233 1279; baseline 0.015 -36"><span class='ocrx_word' id='word_1_67' title='bbox 58 1183 95 1260; x_wconf 89' lang='lat'><strong>7,</strong></span> <span class='ocrx_word' id='word_1_68' title='bbox 120 1181 175 1256; x_wconf 69' lang='lat'><strong>123</strong></span> <span class='ocrx_word' id='word_1_69' title='bbox 198 1178 290 1241; x_wconf 90' lang='lat' dir='ltr'><strong>Ovid.</strong></span> <span class='ocrx_word' id='word_1_70' title='bbox 311 1178 433 1242; x_wconf 89' lang='lat' dir='ltr'><strong>heroid.</strong></span> <span class='ocrx_word' id='word_1_71' title='bbox 454 1179 495 1241; x_wconf 94' lang='lat' dir='ltr'><strong>lV</strong></span> <span class='ocrx_word' id='word_1_72' title='bbox 517 1179 556 1242; x_wconf 87' lang='grc'><strong>77</strong></span> <span class='ocrx_word' id='word_1_73' title='bbox 577 1200 642 1262; x_wconf 87' lang='lat' dir='ltr'><strong>sq.;</strong></span> <span class='ocrx_word' id='word_1_74' title='bbox 664 1182 785 1247; x_wconf 87' lang='lat' dir='ltr'><strong>heroid.</strong></span> <span class='ocrx_word' id='word_1_75' title='bbox 806 1186 836 1249; x_wconf 91' lang='lat' dir='ltr'>X</span> <span class='ocrx_word' id='word_1_76' title='bbox 858 1188 933 1262; x_wconf 85' lang='lat'><strong>137;</strong></span> <span class='ocrx_word' id='word_1_77' title='bbox 955 1196 1014 1256; x_wconf 88' lang='lat' dir='ltr'><strong>art.</strong></span> <span class='ocrx_word' id='word_1_78' title='bbox 1036 1191 1233 1279; x_wconf 83' lang='lat' dir='ltr'><strong>111153sq.;</strong></span> 
     </span>
     <span class='ocr_line' id='line_1_10' title="bbox 56 1277 280 1344; baseline -0.022 0"><span class='ocrx_word' id='word_1_79' title='bbox 56 1284 125 1344; x_wconf 85' lang='lat' dir='ltr'><strong>art.</strong></span> <span class='ocrx_word' id='word_1_80' title='bbox 151 1277 280 1341; x_wconf 71' lang='lat'>111432.</span> 
     </span>
    </p>
   </div>
   <div class='ocr_carea' id='block_1_3' title="bbox 56 1382 1236 1567">
    <p class='ocr_par' dir='ltr' id='par_1_4' title="bbox 56 1382 1236 1567">
     <span class='ocr_line' id='line_1_11' title="bbox 150 1382 1234 1472; baseline 0.017 -24"><span class='ocrx_word' id='word_1_81' title='bbox 150 1384 305 1463; x_wconf 87' lang='lat' dir='ltr'><strong>Quamvis</strong></span> <span class='ocrx_word' id='word_1_82' title='bbox 326 1382 495 1447; x_wconf 83' lang='lat' dir='ltr'><strong>feminis</strong></span> <span class='ocrx_word' id='word_1_83' title='bbox 518 1389 699 1452; x_wconf 86' lang='lat' dir='ltr'><strong>cavendum</strong></span> <span class='ocrx_word' id='word_1_84' title='bbox 717 1390 757 1455; x_wconf 86' lang='lat' dir='ltr'><strong>sit</strong></span> <span class='ocrx_word' id='word_1_85' title='bbox 780 1412 799 1456; x_wconf 88' lang='lat' dir='ltr'><strong>a</strong></span> <span class='ocrx_word' id='word_1_86' title='bbox 820 1393 919 1459; x_wconf 91' lang='lat' dir='ltr'><strong>nimio</strong></span> <span class='ocrx_word' id='word_1_87' title='bbox 934 1396 1033 1472; x_wconf 83' lang='lat' dir='ltr'><strong>cultu,</strong></span> <span class='ocrx_word' id='word_1_88' title='bbox 1056 1394 1234 1466; x_wconf 81' lang='lat' dir='ltr'><strong>tamensis</strong></span> 
     </span>
     <span class='ocr_line' id='line_1_12' title="bbox 56 1483 1236 1567; baseline 0.013 -16"><span class='ocrx_word' id='word_1_89' title='bbox 56 1485 240 1567; x_wconf 87' lang='lat' dir='ltr'><strong>saepius</strong></span> <span class='ocrx_word' id='word_1_90' title='bbox 273 1483 490 1562; x_wconf 81' lang='lat' dir='ltr'><strong>suadetur,</strong></span> <span class='ocrx_word' id='word_1_91' title='bbox 523 1490 566 1549; x_wconf 87' lang='lat' dir='ltr'><strong>ut</strong></span> <span class='ocrx_word' id='word_1_92' title='bbox 596 1490 806 1554; x_wconf 78' lang='lat' dir='ltr'><strong>munditia</strong></span> <span class='ocrx_word' id='word_1_93' title='bbox 838 1514 913 1559; x_wconf 89' lang='lat' dir='ltr'><strong>sua</strong></span> <span class='ocrx_word' id='word_1_94' title='bbox 945 1496 1115 1563; x_wconf 90' lang='lat' dir='ltr'><strong>iuvenes</strong></span> <span class='ocrx_word' id='word_1_95' title='bbox 1145 1501 1236 1565; x_wconf 87' lang='lat' dir='ltr'><strong>alli-</strong></span> 
     </span>
    </p>
   </div>
   <div class='ocr_carea' id='block_1_4' title="bbox 57 1582 1237 1774">
    <p class='ocr_par' dir='ltr' id='par_1_5' title="bbox 57 1582 1237 1774">
     <span class='ocr_line' id='line_1_13' title="bbox 57 1582 1237 1666; baseline 0.014 -16"><span class='ocrx_word' id='word_1_96' title='bbox 57 1588 194 1650; x_wconf 90' lang='lat' dir='ltr'><strong>ciant.</strong></span> <span class='ocrx_word' id='word_1_97' title='bbox 237 1582 343 1660; x_wconf 87' lang='lat' dir='ltr'><strong>Quam</strong></span> <span class='ocrx_word' id='word_1_98' title='bbox 361 1601 428 1644; x_wconf 90' lang='lat' dir='ltr'><strong>rem</strong></span> <span class='ocrx_word' id='word_1_99' title='bbox 452 1584 569 1648; x_wconf 86' lang='lat' dir='ltr'><strong>mirum</strong></span> <span class='ocrx_word' id='word_1_100' title='bbox 588 1587 620 1650; x_wconf 91' lang='lat' dir='ltr'><strong>in</strong></span> <span class='ocrx_word' id='word_1_101' title='bbox 642 1589 775 1653; x_wconf 90' lang='lat' dir='ltr'><strong>modum</strong></span> <span class='ocrx_word' id='word_1_102' title='bbox 797 1592 912 1658; x_wconf 89' lang='lat' dir='ltr'><strong>Plauto</strong></span> <span class='ocrx_word' id='word_1_103' title='bbox 936 1615 1008 1660; x_wconf 91' lang='lat' dir='ltr'><strong>cum</strong></span> <span class='ocrx_word' id='word_1_104' title='bbox 1025 1598 1139 1664; x_wconf 80' lang='lat' dir='ltr'><strong>Ouidio</strong></span> <span class='ocrx_word' id='word_1_105' title='bbox 1161 1620 1237 1666; x_wconf 91' lang='lat' dir='ltr'><strong>con-</strong></span> 
     </span>
     <span class='ocr_line' id='line_1_14' title="bbox 58 1681 842 1774; baseline 0.008 -23"><span class='ocrx_word' id='word_1_106' title='bbox 58 1686 178 1751; x_wconf 71' lang='lat' dir='ltr'><strong>venire</strong></span> <span class='ocrx_word' id='word_1_107' title='bbox 200 1685 357 1748; x_wconf 88' lang='lat' dir='ltr'><strong>videmus.</strong></span> <span class='ocrx_word' id='word_1_108' title='bbox 400 1681 554 1748; x_wconf 83' lang='lat' dir='ltr'><strong>Conferas</strong></span> <span class='ocrx_word' id='word_1_109' title='bbox 577 1687 656 1752; x_wconf 90' lang='lat' dir='ltr'><strong>haec</strong></span> <span class='ocrx_word' id='word_1_110' title='bbox 680 1693 842 1774; x_wconf 84' lang='lat' dir='ltr'><strong>exempla:</strong></span> 
     </span>
    </p>
   </div>
   <div class='ocr_carea' id='block_1_5' title="bbox 98 1787 599 1928">
    <p class='ocr_par' dir='ltr' id='par_1_6' title="bbox 98 1787 599 1928">
     <span class='ocr_line' id='line_1_15' title="bbox 98 1787 457 1854; baseline -0.014 -9"><span class='ocrx_word' id='word_1_111' title='bbox 98 1792 191 1845; x_wconf 88' lang='lat' dir='ltr'><strong>Plaut.</strong></span> <span class='ocrx_word' id='word_1_112' title='bbox 208 1789 320 1843; x_wconf 91' lang='lat' dir='ltr'><strong>Poenul.</strong></span> <span class='ocrx_word' id='word_1_113' title='bbox 339 1787 457 1854; x_wconf 66' lang='lat' dir='ltr'><strong>iebaqq.</strong></span> 
     </span>
     <span class='ocr_line' id='line_1_16' title="bbox 356 1872 599 1928; baseline 0.012 -3"><span class='ocrx_word' id='word_1_114' title='bbox 356 1872 424 1927; x_wconf 88' lang='lat' dir='ltr'><strong>item</strong></span> <span class='ocrx_word' id='word_1_115' title='bbox 441 1888 491 1926; x_wconf 91' lang='lat' dir='ltr'><strong>nos</strong></span> <span class='ocrx_word' id='word_1_116' title='bbox 508 1891 599 1928; x_wconf 80' lang='lat' dir='ltr'><strong>sumus</strong></span> 
     </span>
    </p>
   </div>
   <div class='ocr_carea' id='block_1_6' title="bbox 286 1959 852 2123">
    <p class='ocr_par' dir='ltr' id='par_1_7' title="bbox 286 1959 852 2123">
     <span class='ocr_line' id='line_1_17' title="bbox 286 1959 852 2031; baseline 0.014 -19"><span class='ocrx_word' id='word_1_117' title='bbox 286 1959 403 2014; x_wconf 92' lang='lat' dir='ltr'><strong>insulsae</strong></span> <span class='ocrx_word' id='word_1_118' title='bbox 422 1960 569 2014; x_wconf 80' lang='lat' dir='ltr'><strong>admodum</strong></span> <span class='ocrx_word' id='word_1_119' title='bbox 589 1965 673 2031; x_wconf 88' lang='lat' dir='ltr'><strong>atque</strong></span> <span class='ocrx_word' id='word_1_120' title='bbox 691 1963 852 2020; x_wconf 68' lang='lat' dir='ltr'><strong>invenustam</strong></span> 
     </span>
     <span class='ocr_line' id='line_1_18' title="bbox 359 2045 756 2123; baseline 0.013 -24"><span class='ocrx_word' id='word_1_121' title='bbox 359 2045 417 2099; x_wconf 88' lang='lat' dir='ltr'><strong>sinc</strong></span> <span class='ocrx_word' id='word_1_122' title='bbox 437 2046 578 2123; x_wconf 84' lang='lat' dir='ltr'><strong>munditia</strong></span> <span class='ocrx_word' id='word_1_123' title='bbox 590 2052 619 2104; x_wconf 88' lang='lat' dir='ltr'><strong>ct</strong></span> <span class='ocrx_word' id='word_1_124' title='bbox 637 2054 756 2120; x_wconf 88' lang='lat' dir='ltr'><strong>sumptu.</strong></span> 
     </span>
    </p>
   </div>
   <div class='ocr_carea' id='block_1_7' title="bbox 100 2140 970 2298">
    <p class='ocr_par' dir='ltr' id='par_1_8' title="bbox 100 2140 970 2298">
     <span class='ocr_line' id='line_1_19' title="bbox 100 2140 418 2208; baseline -0.006 -13"><span class='ocrx_word' id='word_1_125' title='bbox 100 2143 193 2195; x_wconf 78' lang='lat' dir='ltr'><strong>Plauu</strong></span> <span class='ocrx_word' id='word_1_126' title='bbox 215 2140 300 2194; x_wconf 87' lang='lat' dir='ltr'><strong>Stich.</strong></span> <span class='ocrx_word' id='word_1_127' title='bbox 320 2141 369 2193; x_wconf 83' lang='grc'><strong>746</strong></span> <span class='ocrx_word' id='word_1_128' title='bbox 379 2158 418 2208; x_wconf 92' lang='lat' dir='ltr'><strong>sq.</strong></span> 
     </span>
     <span class='ocr_line' id='line_1_20' title="bbox 154 2225 970 2298; baseline 0.005 -18"><span class='ocrx_word' id='word_1_129' title='bbox 154 2225 294 2295; x_wconf 87' lang='lat' dir='ltr'><strong>nimioque</strong></span> <span class='ocrx_word' id='word_1_130' title='bbox 312 2225 364 2279; x_wconf 85' lang='lat' dir='ltr'><strong>sibi</strong></span> <span class='ocrx_word' id='word_1_131' title='bbox 382 2225 480 2280; x_wconf 85' lang='lat' dir='ltr'><strong>mulier</strong></span> <span class='ocrx_word' id='word_1_132' title='bbox 498 2225 628 2280; x_wconf 77' lang='lat' dir='ltr'><strong>meretrix</strong></span> <span class='ocrx_word' id='word_1_133' title='bbox 645 2227 767 2298; x_wconf 86' lang='lat' dir='ltr'><strong>repperit</strong></span> <span class='ocrx_word' id='word_1_134' title='bbox 785 2228 878 2283; x_wconf 90' lang='lat' dir='ltr'><strong>odium</strong></span> <span class='ocrx_word' id='word_1_135' title='bbox 897 2229 970 2284; x_wconf 86' lang='lat' dir='ltr'><strong>ocius</strong></span> 
     </span>
    </p>
   </div>
   <div class='ocr_carea' id='block_1_8' title="bbox 152 2311 1139 2386">
    <p class='ocr_par' dir='ltr' id='par_1_9' title="bbox 152 2311 1139 2386">
     <span class='ocr_line' id='line_1_21' title="bbox 152 2311 1139 2386; baseline 0.005 -20"><span class='ocrx_word' id='word_1_136' title='bbox 152 2331 201 2366; x_wconf 84' lang='lat' dir='ltr'><strong>sua</strong></span> <span class='ocrx_word' id='word_1_137' title='bbox 218 2311 403 2380; x_wconf 84' lang='lat' dir='ltr'><strong>immunditia,</strong></span> <span class='ocrx_word' id='word_1_138' title='bbox 422 2329 505 2380; x_wconf 89' lang='lat' dir='ltr'><strong>quam</strong></span> <span class='ocrx_word' id='word_1_139' title='bbox 525 2311 554 2365; x_wconf 88' lang='lat' dir='ltr'><strong>in</strong></span> <span class='ocrx_word' id='word_1_140' title='bbox 574 2317 737 2383; x_wconf 88' lang='lat' dir='ltr'><strong>perpetuum</strong></span> <span class='ocrx_word' id='word_1_141' title='bbox 755 2318 787 2370; x_wconf 91' lang='lat' dir='ltr'><strong>ut</strong></span> <span class='ocrx_word' id='word_1_142' title='bbox 803 2316 911 2386; x_wconf 87' lang='lat' dir='ltr'><strong>placeat</strong></span> <span class='ocrx_word' id='word_1_143' title='bbox 929 2316 1066 2372; x_wconf 89' lang='lat' dir='ltr'><strong>munditia</strong></span> <span class='ocrx_word' id='word_1_144' title='bbox 1083 2336 1139 2372; x_wconf 87' lang='lat' dir='ltr'><strong>sua.</strong></span> 
     </span>
    </p>
   </div>
   <div class='ocr_carea' id='block_1_9' title="bbox 104 2406 927 2559">
    <p class='ocr_par' dir='ltr' id='par_1_10' title="bbox 104 2406 927 2559">
     <span class='ocr_line' id='line_1_22' title="bbox 104 2406 927 2487; baseline -0.004 -29"><span class='ocrx_word' id='word_1_145' title='bbox 104 2408 192 2460; x_wconf 85' lang='lat' dir='ltr'><strong>Plaut.</strong></span> <span class='ocrx_word' id='word_1_146' title='bbox 214 2406 382 2460; x_wconf 88' lang='lat' dir='ltr'><strong>Menaechm.</strong></span> <span class='ocrx_word' id='word_1_147' title='bbox 402 2406 452 2458; x_wconf 81' lang='lat'><strong>354</strong></span> <span class='ocrx_word' id='word_1_148' title='bbox 924 2482 927 2487; x_wconf 13' lang='grc' dir='ltr'><strong>Α</strong></span> 
     </span>
     <span class='ocr_line' id='line_1_23' title="bbox 288 2489 899 2559; baseline 0.002 -14"><span class='ocrx_word' id='word_1_149' title='bbox 288 2490 425 2545; x_wconf 89' lang='lat' dir='ltr'><strong>munditia</strong></span> <span class='ocrx_word' id='word_1_150' title='bbox 443 2489 581 2545; x_wconf 83' lang='lat' dir='ltr'><strong>inlecebra</strong></span> <span class='ocrx_word' id='word_1_151' title='bbox 598 2490 719 2545; x_wconf 88' lang='lat' dir='ltr'><strong>animost</strong></span> <span class='ocrx_word' id='word_1_152' title='bbox 736 2492 899 2559; x_wconf 87' lang='lat' dir='ltr'><strong>amantium.</strong></span> 
     </span>
    </p>
   </div>
   <div class='ocr_carea' id='block_1_10' title="bbox 100 2584 576 2738">
    <p class='ocr_par' dir='ltr' id='par_1_11' title="bbox 100 2584 576 2738">
     <span class='ocr_line' id='line_1_24' title="bbox 100 2584 351 2640; baseline -0.012 0"><span class='ocrx_word' id='word_1_153' title='bbox 100 2585 179 2640; x_wconf 87' lang='lat' dir='ltr'><strong>Ovid.</strong></span> <span class='ocrx_word' id='word_1_154' title='bbox 199 2588 250 2640; x_wconf 90' lang='lat' dir='ltr'><strong>art.</strong></span> <span class='ocrx_word' id='word_1_155' title='bbox 271 2584 351 2638; x_wconf 85' lang='lat'>1513</span> 
     </span>
     <span class='ocr_line' id='line_1_25' title="bbox 288 2666 576 2738; baseline -0.017 -16"><span class='ocrx_word' id='word_1_156' title='bbox 288 2666 425 2722; x_wconf 76' lang='lat' dir='ltr'><strong>munditie</strong></span> <span class='ocrx_word' id='word_1_157' title='bbox 442 2668 576 2738; x_wconf 81' lang='lat' dir='ltr'><strong>placeant.</strong></span> 
     </span>
    </p>
   </div>
   <div class='ocr_carea' id='block_1_11' title="bbox 99 2762 1046 3011">
    <p class='ocr_par' dir='ltr' id='par_1_12' title="bbox 99 2762 1046 3011">
     <span class='ocr_line' id='line_1_26' title="bbox 99 2762 427 2829; baseline -0.006 -11"><span class='ocrx_word' id='word_1_158' title='bbox 99 2763 178 2819; x_wconf 87' lang='lat' dir='ltr'><strong>ovid.</strong></span> <span class='ocrx_word' id='word_1_159' title='bbox 197 2766 249 2817; x_wconf 88' lang='lat' dir='ltr'><strong>art.</strong></span> <span class='ocrx_word' id='word_1_160' title='bbox 268 2763 307 2816; x_wconf 96' lang='lat' dir='ltr'><strong>lll</strong></span> <span class='ocrx_word' id='word_1_161' title='bbox 329 2762 380 2816; x_wconf 86' lang='lat'><strong>133</strong></span> <span class='ocrx_word' id='word_1_162' title='bbox 389 2779 427 2829; x_wconf 87' lang='lat' dir='ltr'><strong>sq.</strong></span> 
     </span>
     <span class='ocr_line' id='line_1_27' title="bbox 289 2852 1015 2927; baseline 0.003 -19"><span class='ocrx_word' id='word_1_163' title='bbox 289 2852 433 2908; x_wconf 82' lang='lat' dir='ltr'><strong>munditiis</strong></span> <span class='ocrx_word' id='word_1_164' title='bbox 447 2853 584 2923; x_wconf 80' lang='lat' dir='ltr'><strong>capimur:</strong></span> <span class='ocrx_word' id='word_1_165' title='bbox 608 2870 664 2906; x_wconf 93' lang='lat' dir='ltr'><strong>non</strong></span> <span class='ocrx_word' id='word_1_166' title='bbox 682 2853 739 2907; x_wconf 88' lang='lat' dir='ltr'><strong>sint</strong></span> <span class='ocrx_word' id='word_1_167' title='bbox 756 2853 814 2910; x_wconf 84' lang='lat' dir='ltr'><strong>sine</strong></span> <span class='ocrx_word' id='word_1_168' title='bbox 830 2855 891 2926; x_wconf 83' lang='lat' dir='ltr'><strong>lege</strong></span> <span class='ocrx_word' id='word_1_169' title='bbox 909 2856 1015 2927; x_wconf 85' lang='lat' dir='ltr'><strong>capilli3</strong></span> 
     </span>
     <span class='ocr_line' id='line_1_28' title="bbox 342 2939 1046 3011; baseline 0.006 -17"><span class='ocrx_word' id='word_1_170' title='bbox 342 2940 470 2995; x_wconf 90' lang='lat' dir='ltr'><strong>admotae</strong></span> <span class='ocrx_word' id='word_1_171' title='bbox 487 2939 605 2993; x_wconf 87' lang='lat' dir='ltr'><strong>formam</strong></span> <span class='ocrx_word' id='word_1_172' title='bbox 622 2940 746 3009; x_wconf 80' lang='lat' dir='ltr'><strong>dantque</strong></span> <span class='ocrx_word' id='word_1_173' title='bbox 763 2944 922 3011; x_wconf 83' lang='lat' dir='ltr'><strong>negantque</strong></span> <span class='ocrx_word' id='word_1_174' title='bbox 941 2960 1046 2998; x_wconf 89' lang='lat' dir='ltr'><strong>manus.</strong></span> 
     </span>
    </p>
   </div>
   <div class='ocr_carea' id='block_1_12' title="bbox 101 3032 533 3173">
    <p class='ocr_par' dir='ltr' id='par_1_13' title="bbox 101 3032 533 3173">
     <span class='ocr_line' id='line_1_29' title="bbox 101 3032 373 3089; baseline -0.007 -2"><span class='ocrx_word' id='word_1_175' title='bbox 101 3032 180 3087; x_wconf 85' lang='lat' dir='ltr'><strong>Ovid.</strong></span> <span class='ocrx_word' id='word_1_176' title='bbox 200 3033 301 3089; x_wconf 86' lang='lat' dir='ltr'><strong>remed.</strong></span> <span class='ocrx_word' id='word_1_177' title='bbox 323 3033 373 3086; x_wconf 83' lang='lat'><strong>342</strong></span> 
     </span>
     <span class='ocr_line' id='line_1_30' title="bbox 290 3117 533 3173; baseline -0.016 0"><span class='ocrx_word' id='word_1_178' title='bbox 290 3117 440 3173; x_wconf 84' lang='lat' dir='ltr'><strong>auferimur</strong></span> <span class='ocrx_word' id='word_1_179' title='bbox 457 3117 533 3171; x_wconf 92' lang='lat' dir='ltr'><strong>cultu</strong></span> 
     </span>
    </p>
   </div>
   <div class='ocr_carea' id='block_1_13' title="bbox 103 3210 789 3352">
    <p class='ocr_par' dir='ltr' id='par_1_14' title="bbox 103 3210 789 3352">
     <span class='ocr_line' id='line_1_31' title="bbox 103 3210 424 3267; baseline 0 -4"><span class='ocrx_word' id='word_1_180' title='bbox 103 3210 182 3264; x_wconf 87' lang='lat' dir='ltr'><strong>Ovid.</strong></span> <span class='ocrx_word' id='word_1_181' title='bbox 201 3211 298 3267; x_wconf 89' lang='lat' dir='ltr'><strong>medic.</strong></span> <span class='ocrx_word' id='word_1_182' title='bbox 316 3212 367 3266; x_wconf 88' lang='lat' dir='ltr'><strong>fac.</strong></span> <span class='ocrx_word' id='word_1_183' title='bbox 391 3211 424 3264; x_wconf 83' lang='lat'><strong>28</strong></span> 
     </span>
     <span class='ocr_line' id='line_1_32' title="bbox 290 3293 789 3352; baseline -0.014 -1"><span class='ocrx_word' id='word_1_184' title='bbox 290 3296 428 3352; x_wconf 87' lang='lat' dir='ltr'><strong>munditia</strong></span> <span class='ocrx_word' id='word_1_185' title='bbox 446 3294 562 3350; x_wconf 88' lang='lat' dir='ltr'><strong>crimina</strong></span> <span class='ocrx_word' id='word_1_186' title='bbox 582 3293 658 3346; x_wconf 92' lang='lat' dir='ltr'><strong>nulla</strong></span> <span class='ocrx_word' id='word_1_187' title='bbox 676 3293 789 3346; x_wconf 88' lang='lat' dir='ltr'><strong>merent.</strong></span> 
     </span>
    </p>
   </div>
   <div class='ocr_carea' id='block_1_14' title="bbox 67 3387 1240 3869">
    <p class='ocr_par' dir='ltr' id='par_1_15' title="bbox 67 3387 1240 3869">
     <span class='ocr_line' id='line_1_33' title="bbox 67 3387 1237 3473; baseline -0.003 -18"><span class='ocrx_word' id='word_1_188' title='bbox 67 3393 114 3455; x_wconf 85' lang='lat' dir='ltr'><strong>Ex</strong></span> <span class='ocrx_word' id='word_1_189' title='bbox 132 3392 362 3473; x_wconf 86' lang='lat' dir='ltr'><strong>posterioribus</strong></span> <span class='ocrx_word' id='word_1_190' title='bbox 378 3392 574 3456; x_wconf 87' lang='lat' dir='ltr'><strong>Graecorum</strong></span> <span class='ocrx_word' id='word_1_191' title='bbox 592 3387 801 3469; x_wconf 86' lang='lat' dir='ltr'><strong>scriptoribus</strong></span> <span class='ocrx_word' id='word_1_192' title='bbox 815 3387 1053 3450; x_wconf 88' lang='lat' dir='ltr'><strong>similitudinem</strong></span> <span class='ocrx_word' id='word_1_193' title='bbox 1071 3387 1237 3468; x_wconf 89' lang='lat' dir='ltr'><strong>quandam</strong></span> 
     </span>
     <span class='ocr_line' id='line_1_34' title="bbox 68 3482 1240 3570; baseline -0.003 -17"><span class='ocrx_word' id='word_1_194' title='bbox 68 3491 209 3554; x_wconf 90' lang='lat' dir='ltr'><strong>ostendit</strong></span> <span class='ocrx_word' id='word_1_195' title='bbox 231 3493 453 3556; x_wconf 86' lang='lat' dir='ltr'><strong>Aristaenetus</strong></span> <span class='ocrx_word' id='word_1_196' title='bbox 474 3491 506 3553; x_wconf 94' lang='lat' dir='ltr'><strong>in</strong></span> <span class='ocrx_word' id='word_1_197' title='bbox 530 3488 665 3570; x_wconf 86' lang='lat' dir='ltr'><strong>epistula</strong></span> <span class='ocrx_word' id='word_1_198' title='bbox 684 3486 697 3549; x_wconf 94' lang='lat' dir='ltr'><strong>l</strong></span> <span class='ocrx_word' id='word_1_199' title='bbox 718 3487 758 3550; x_wconf 65' lang='lat'><strong>27</strong></span> <span class='ocrx_word' id='word_1_200' title='bbox 793 3487 847 3547; x_wconf 81' lang='grc' dir='ltr'><strong>καὶ</strong></span> <span class='ocrx_word' id='word_1_201' title='bbox 869 3482 967 3549; x_wconf 79' lang='grc' dir='ltr'><strong><em>τοῦτό</em></strong></span> <span class='ocrx_word' id='word_1_202' title='bbox 989 3508 1023 3566; x_wconf 83' lang='grc' dir='ltr'><strong>γε</strong></span> <span class='ocrx_word' id='word_1_203' title='bbox 1044 3489 1103 3548; x_wconf 83' lang='grc' dir='ltr'><strong>τοῦ</strong></span> <span class='ocrx_word' id='word_1_204' title='bbox 1125 3489 1240 3567; x_wconf 79' lang='grc' dir='ltr'><strong><em>ἔρωτος</em></strong></span> 
     </span>
     <span class='ocr_line' id='line_1_35' title="bbox 70 3584 1240 3672; baseline -0.004 -19"><span class='ocrx_word' id='word_1_205' title='bbox 70 3591 155 3653; x_wconf 86' lang='grc' dir='ltr'><strong><em>ἴδιον</em></strong></span> <span class='ocrx_word' id='word_1_206' title='bbox 176 3592 231 3653; x_wconf 75' lang='grc' dir='ltr'><strong>καὶ</strong></span> <span class='ocrx_word' id='word_1_207' title='bbox 253 3588 343 3672; x_wconf 79' lang='grc' dir='ltr'><strong><em>μάλα</em></strong></span> <span class='ocrx_word' id='word_1_208' title='bbox 364 3599 475 3671; x_wconf 78' lang='grc' dir='ltr'><strong><em>μέντοι</em></strong></span> <span class='ocrx_word' id='word_1_209' title='bbox 496 3588 606 3666; x_wconf 80' lang='grc' dir='ltr'><strong><em>καλόν,</em></strong></span> <span class='ocrx_word' id='word_1_210' title='bbox 630 3587 669 3649; x_wconf 77' lang='grc' dir='ltr'><strong>τό</strong></span> <span class='ocrx_word' id='word_1_211' title='bbox 699 3584 831 3666; x_wconf 80' lang='grc' dir='ltr'><strong><em>σφόδρα</em></strong></span> <span class='ocrx_word' id='word_1_212' title='bbox 855 3589 989 3648; x_wconf 75' lang='grc' dir='ltr'><strong><em>πείθειν</em></strong></span> <span class='ocrx_word' id='word_1_213' title='bbox 1004 3586 1078 3658; x_wconf 79' lang='grc' dir='ltr'><strong>τούς</strong></span> <span class='ocrx_word' id='word_1_214' title='bbox 1100 3587 1240 3664; x_wconf 81' lang='grc' dir='ltr'><strong><em>ἐρῶντας</em></strong></span> 
     </span>
     <span class='ocr_line' id='line_1_36' title="bbox 68 3684 1236 3771; baseline 0.001 -23"><span class='ocrx_word' id='word_1_215' title='bbox 68 3687 230 3764; x_wconf 72' lang='grc' dir='ltr'><strong>ἐπιμελῶς</strong></span> <span class='ocrx_word' id='word_1_216' title='bbox 260 3687 345 3771; x_wconf 78' lang='grc' dir='ltr'><strong><em>ἄγαν</em></strong></span> <span class='ocrx_word' id='word_1_217' title='bbox 374 3692 648 3768; x_wconf 69' lang='grc' dir='ltr'><strong><em>διακασμεῑσῶαι,</em></strong></span> <span class='ocrx_word' id='word_1_218' title='bbox 682 3687 734 3747; x_wconf 85' lang='grc' dir='ltr'><strong>καὶ</strong></span> <span class='ocrx_word' id='word_1_219' title='bbox 767 3684 796 3746; x_wconf 77' lang='grc' dir='ltr'><strong>εἰ</strong></span> <span class='ocrx_word' id='word_1_220' title='bbox 817 3685 976 3765; x_wconf 76' lang='grc' dir='ltr'><strong><em>πρότερον</em></strong></span> <span class='ocrx_word' id='word_1_221' title='bbox 998 3687 1141 3766; x_wconf 77' lang='grc' dir='ltr'><strong><em>α’τεχνῶς</em></strong></span> <span class='ocrx_word' id='word_1_222' title='bbox 1164 3687 1236 3749; x_wconf 82' lang='grc' dir='ltr'><strong><em>ἑαυ-</em></strong></span> 
     </span>
     <span class='ocr_line' id='line_1_37' title="bbox 71 3790 371 3869; baseline 0.023 -22"><span class='ocrx_word' id='word_1_223' title='bbox 71 3791 139 3847; x_wconf 87' lang='grc' dir='ltr'><strong>τῶν</strong></span> <span class='ocrx_word' id='word_1_224' title='bbox 160 3790 371 3869; x_wconf 71' lang='grc' dir='ltr'><strong><em>κατημέλουν.</em></strong></span> 
     </span>
    </p>
   </div>
   <div class='ocr_carea' id='block_1_15' title="bbox 68 3907 1356 4191">
    <p class='ocr_par' dir='ltr' id='par_1_16' title="bbox 68 3907 1356 4191">
     <span class='ocr_line' id='line_1_38' title="bbox 153 3907 1241 3993; baseline -0.001 -20"><span class='ocrx_word' id='word_1_225' title='bbox 153 3910 265 3993; x_wconf 90' lang='lat' dir='ltr'><strong>Neque</strong></span> <span class='ocrx_word' id='word_1_226' title='bbox 293 3933 369 3976; x_wconf 87' lang='lat' dir='ltr'><strong>vero</strong></span> <span class='ocrx_word' id='word_1_227' title='bbox 398 3910 539 3992; x_wconf 85' lang='lat' dir='ltr'><strong>corporis</strong></span> <span class='ocrx_word' id='word_1_228' title='bbox 569 3909 775 3992; x_wconf 86' lang='lat' dir='ltr'><strong>pulchritudo</strong></span> <span class='ocrx_word' id='word_1_229' title='bbox 801 3913 833 3972; x_wconf 84' lang='lat' dir='ltr'><strong>et</strong></span> <span class='ocrx_word' id='word_1_230' title='bbox 862 3909 1020 3972; x_wconf 89' lang='lat' dir='ltr'><strong>munditia</strong></span> <span class='ocrx_word' id='word_1_231' title='bbox 1042 3907 1241 3972; x_wconf 83' lang='lat' dir='ltr'><strong>satisfaciunt</strong></span> 
     </span>
     <span class='ocr_line' id='line_1_39' title="bbox 69 4008 1241 4090; baseline -0.003 -16"><span class='ocrx_word' id='word_1_232' title='bbox 69 4010 112 4074; x_wconf 91' lang='lat' dir='ltr'><strong>ad</strong></span> <span class='ocrx_word' id='word_1_233' title='bbox 133 4030 277 4074; x_wconf 88' lang='lat' dir='ltr'><strong>amorem</strong></span> <span class='ocrx_word' id='word_1_234' title='bbox 299 4010 545 4088; x_wconf 89' lang='lat' dir='ltr'><strong>conciliandum,</strong></span> <span class='ocrx_word' id='word_1_235' title='bbox 569 4009 628 4073; x_wconf 93' lang='lat' dir='ltr'><strong>nisi</strong></span> <span class='ocrx_word' id='word_1_236' title='bbox 645 4010 687 4073; x_wconf 86' lang='lat' dir='ltr'><strong>ad</strong></span> <span class='ocrx_word' id='word_1_237' title='bbox 705 4009 840 4072; x_wconf 83' lang='lat' dir='ltr'><strong>formam</strong></span> <span class='ocrx_word' id='word_1_238' title='bbox 858 4009 977 4074; x_wconf 86' lang='lat' dir='ltr'><strong>bonam</strong></span> <span class='ocrx_word' id='word_1_239' title='bbox 996 4009 1093 4072; x_wconf 84' lang='lat' dir='ltr'><strong>etiam</strong></span> <span class='ocrx_word' id='word_1_240' title='bbox 1111 4008 1241 4090; x_wconf 84' lang='lat' dir='ltr'><strong>ingenui</strong></span> 
     </span>
     <span class='ocr_line' id='line_1_40' title="bbox 68 4108 1356 4191; baseline -0.002 -18"><span class='ocrx_word' id='word_1_241' title='bbox 68 4112 102 4173; x_wconf 91' lang='lat' dir='ltr'><strong>et</strong></span> <span class='ocrx_word' id='word_1_242' title='bbox 137 4108 338 4174; x_wconf 87' lang='lat' dir='ltr'><strong>liberales</strong></span> <span class='ocrx_word' id='word_1_243' title='bbox 370 4130 502 4174; x_wconf 88' lang='lat' dir='ltr'><strong>mores</strong></span> <span class='ocrx_word' id='word_1_244' title='bbox 534 4110 702 4173; x_wconf 85' lang='lat' dir='ltr'><strong>accedunt.</strong></span> <span class='ocrx_word' id='word_1_245' title='bbox 756 4110 836 4173; x_wconf 82' lang='lat' dir='ltr'><strong>Ecce</strong></span> <span class='ocrx_word' id='word_1_246' title='bbox 876 4110 992 4173; x_wconf 90' lang='lat' dir='ltr'><strong>iterum</strong></span> <span class='ocrx_word' id='word_1_247' title='bbox 1024 4109 1112 4173; x_wconf 87' lang='lat' dir='ltr'><strong>illam</strong></span> <span class='ocrx_word' id='word_1_248' title='bbox 1142 4109 1239 4188; x_wconf 86' lang='lat' dir='ltr'><strong>viam,</strong></span> <span class='ocrx_word' id='word_1_249' title='bbox 1351 4183 1356 4191; x_wconf 30' lang='grc' dir='ltr'>Ι</span> 
     </span>
    </p>
   </div>
   <div class='ocr_carea' id='block_1_16' title="bbox 0 0 1466 4920">
    <p class='ocr_par' dir='ltr' id='par_1_17' title="bbox 0 0 1466 4920">
     <span class='ocr_line' id='line_1_41' title="bbox 0 0 1466 4920; baseline 0 0"><span class='ocrx_word' id='word_1_250' title='bbox 0 0 1466 4920; x_wconf 95' lang='lat' dir='ltr'><strong> </strong></span> 
     </span>
    </p>
   </div>
  </div>
 </body>
</html>
