2910 4920
541 353 786 440 -33-4

84 527 229 582 Menandri
248 525 298 596 frg.
318 528 377 591 538,
397 529 428 582 K.
452 530 488 583 Ill
508 551 534 600 p.
556 533 604 586 161

247 608 314 667 ὅταν
333 614 438 668 εἰδέναι
459 613 543 690 θέλῃς
562 620 686 680 σεαυτόν,
707 613 782 677 ὅστις
801 615 833 683 sl,

247 700 386 771 ἔμβλεψον
406 701 447 761 εἰς
466 700 498 755 τὰ
516 700 651 774 σήμαθ’,
671 699 706 763 ὦς
722 698 887 775 ὅδοιπορεῖς.

247 784 362 840 ἐνταῦθ’
381 785 468 842 ἔνεστ’
485 785 552 842 ὀστᾶ
572 809 602 844 rs
621 793 668 842 καὶ
687 789 777 862 nosipsi
798 791 875 852 κόνις

246 868 352 945 α’νδρῶν
370 873 503 942 βασιλέων
519 878 566 928 καὶ
584 875 726 947 τυράννων
744 880 791 930 καὶ
809 881 900 946 σοφοῖν
927 917 928 921 ,

247 960 294 1011 καὶ
307 958 382 1030 μέγα
402 960 581 1030 φρονούντων
600 961 646 1016 ἐπὶ
664 962 743 1032 γένει
765 967 811 1017 καὶ
826 965 968 1037 χρήμασιν

247 1039 338 1097 οὔτῶν
358 1065 388 1099 τε
407 1045 471 1122 δόξῃ
490 1045 558 1101 nini
577 1052 670 1103 κάλλει
691 1049 831 1122 σωμάτων.

248 1119 308 1184 κᾶτ’
325 1128 405 1185 οῦδὲν
425 1131 520 1194 αὐτοῖς
538 1132 621 1189 τοῖνδ’
643 1136 797 1208 ἐπήρκεσεν
812 1139 921 1211 χρόνος,

247 1215 342 1271 κοινὸν
363 1221 411 1273 τὸν
429 1216 499 1293 ᾅδην
518 1223 598 1295 ἔσχον
617 1226 643 1277 οἱ
662 1224 767 1285 πάντες
782 1229 883 1298 βροτοί.

246 1302 316 1378 πρὸς
335 1303 417 1360 ταῦθ’
435 1303 506 1378 ὁρῶν
524 1314 642 1380 γίνωσκε
661 1315 769 1380 σαυτόν,
789 1308 862 1372 ὅστις
881 1311 913 1368 εἶ.
926 1313 944 1382 1)

87 1413 175 1465 Plaut.
196 1410 270 1464 Trin.
289 1411 341 1464 419
352 1429 390 1479 sq.

567 1500 661 1537 verum
678 1501 728 1539 nos
746 1484 913 1547 homunculi,

248 1566 369 1621 satillum
388 1568 489 1622 animai
510 1569 558 1638 qui
577 1586 660 1638 quom
678 1572 817 1640 extemplo
833 1573 979 1639 emisimus,

250 1670 336 1722 aequo
354 1654 492 1708 mendicus
510 1661 592 1725 atque
610 1657 656 1712 ille
675 1658 897 1727 opulentissimus

249 1745 373 1794 censetur
391 1759 472 1796 censu
490 1743 525 1797 ad
541 1744 726 1799 Acheruntem
744 1748 874 1800 mortuos.

91 1826 169 1896 Prop,
188 1826 228 1878 lll
248 1828 316 1890 5,17

18 1911 23 1968 3
249 1914 339 1982 Lydus
360 1915 481 1969 Dulichio
500 1933 556 1969 non
574 1914 659 1969 distat
677 1916 787 1970 Croesus
806 1916 841 1970 ab
861 1915 912 1969 lro.

10 2005 24 2055 .'
87 2001 167 2069 Prop.
188 2000 228 2052 ΙΙΙ
250 2000 384 2070 18,111ο.

248 2086 314 2154 quid
331 2104 418 2156 genus
437 2091 485 2141 aut
504 2087 591 2140 virtus
608 2089 657 2140 aut
675 2086 781 2155 optima
798 2086 902 2156 profuit
920 2085 961 2140 illi

10 2240 17 2251 .
300 2176 388 2228 mater
406 2180 432 2227 et
451 2173 608 2242 amplexum
626 2171 746 2226 Caesaris
764 2189 821 2227 esse
839 2172 934 2228 focos?

10 2248 20 2280 ⁵³
87 2277 111 2312 v.
123 2259 154 2311 21
166 2276 204 2327 sq.
247 2258 292 2312 sed
311 2261 405 2312 tamen
426 2259 477 2313 hoo
496 2274 596 2322 omnes,
616 2258 667 2313 hoc
684 2259 788 2328 primus
806 2263 835 2314 et
851 2258 965 2314 ultimus
983 2261 1063 2315 ordo:

301 2348 341 2398 est
360 2345 440 2412 mala,
460 2344 506 2398 sed
524 2344 628 2399 eunetis
646 2345 701 2400 ista
719 2346 834 2400 terenda
851 2346 897 2400 via
915 2350 962 2401 est.

10 2441 16 2481 r·
88 2432 206 2500 v.28eq.
250 2430 333 2486 Nirea
352 2448 407 2484 non
426 2431 518 2501 facies,
536 2450 591 2486 non
614 2431 652 2486 vis
671 2432 772 2487 exemit
789 2433 933 2503 Achillem,

301 2519 428 2572 Croesum
444 2521 500 2586 aut,
519 2518 625 2573 Pactoli
652 2537 719 2588 quas
736 2520 811 2589 parit
829 2536 917 2590 umor,
936 2536 1007 2590 opes.

10 2635 20 2679 35
86 2606 167 2674 Prop.
188 2604 226 2658 lV
246 2605 378 2673 ll,1lsq.

249 2690 315 2758 quid
334 2690 402 2743 mihi
421 2690 579 2759 coniugium
597 2688 684 2759 Pauli,
704 2689 771 2759 quid
789 2707 883 2744 currus
901 2707 1014 2745 avorum
1026 2690 1047 2758 ²)

299 2776 403 2846 profuit
422 2780 470 2831 aut
488 2778 578 2831 famae
597 2776 714 2846 pignora
735 2779 814 2831 tanta
832 2776 941 2837 meae‘l

89 2863 168 2917 ovid.
187 2880 272 2917 amor.
291 2863 330 2916 lll
350 2866 374 2927 9,
387 2865 486 2932 19sqq.

247 2948 351 3004 seilicet
369 2966 449 3005 omne
467 2968 573 3004 sacrum
592 2965 664 3002 mors
682 2946 841 3017 importuna
858 2946 996 3017 profanat,

301 3035 426 3089 omnibus
445 3035 571 3090 obscuras
589 3035 668 3089 inicit
686 3035 734 3088 illa
752 3036 862 3088 manus!
891 3056 895 3063 ·

248 3119 313 3188 quid
334 3125 413 3190 pater
432 3121 554 3185 Ismario,
574 3121 640 3189 quid
658 3125 747 3174 mater
764 3119 871 3189 profuit
889 3120 1018 3190 Orpheo?

52 3203 120 3268 Hos
154 3226 267 3273 omnes
299 3229 368 3272 esse
397 3211 483 3273 locos
521 3229 708 3273 communes
740 3228 779 3272 ex
807 3207 1033 3272 Alexandrinis
1070 3194 1219 3273 carmini-

51 3304 121 3383 bus
146 3326 230 3387 quae
252 3308 395 3388 epicedia
417 3313 583 3387 vocantur,
607 3312 752 3390 sumptos
774 3308 852 3371 satis
874 3308 938 3371 ium
962 3309 1086 3373 monuit
1112 3310 1221 3375 Mallet

52 3409 176 3485 quaest.
199 3406 295 3488 Prop.
324 3428 355 3489 p.
379 3410 416 3471 57
430 3429 476 3490 sq.
520 3407 650 3485 Quare,
679 3428 719 3470 ue
744 3412 815 3471 acta
847 3428 942 3487 agere
964 3409 1091 3486 videar,
1123 3412 1156 3472 te
1178 3411 1219 3473 ad

53 3504 228 3568 Malletium
253 3507 364 3587 delego
386 3528 445 3572 nec
467 3509 526 3572 uisi
549 3509 613 3571 duo
636 3509 871 3589 epigrammata
897 3508 1104 3590 anthologiee
1125 3509 1219 3573 Pala-

51 3605 139 3667 tinae
162 3605 311 3669 afferam:

124 3753 151 3819 l)
172 3751 295 3807 Confinia
315 3758 394 3808 sunt
421 3772 492 3822 quae
519 3758 616 3822 poetae
640 3753 673 3808 de
698 3753 776 3807 divit
756 3757 857 3807 trarum
876 3752 1028 3822 fragilitate
1053 3757 1217 3821 queruntur:

51 3838 143 3892 Alexis
162 3841 214 3907 l'rg.
234 3838 293 3906 281,
312 3839 344 3891 K
368 3839 387 3891 ll
410 3857 436 3907 p.
450 3840 516 3901 400;
535 3837 677 3893 Philemon
696 3839 748 3906 frg.
766 3839 822 3900 121,
842 3838 874 3891 K
890 3840 957 3906 llp
974 3839 1023 3889 511³
1018 3839 1070 3890 et
1088 3837 1139 3906 frg.
1159 3839 1218 3905 213,

52 3924 82 3976 Κ.
102 3926 172 3993 llp.
191 3924 257 3987 533;
276 3880 458 3992 Apollodorus
476 3923 528 3992 irg.
550 3924 589 3991 16,
610 3924 632 3975 Κ
662 3924 741 3992 111ρ.
761 3922 820 3976 293.

120 4009 219 4079 need
237 4009 320 4072 talia,
346 4026 416 4077 quae
440 4009 475 4062 ad
500 4025 652 4062 sermonem
677 4009 854 4106 sepulcralem
879 4011 907 4060 et
896 4005 1138 4060 tconsolatorium
1158 4022 1217 4074 per·

49 4094 151 4159 tinent,
172 4095 257 4150 etiarn
277 4113 310 4150 ex
328 4094 503 4163 philosophia
521 4094 555 4147 ab
582 4094 624 4149 his
643 4098 707 4165 poet
708 4095 729 4148 is
750 4094 964 4155 assumebantur,
984 4092 1045 4145 vide
1064 4091 1131 4143 Birt.
1151 4091 1218 4142 Mus.

49 4184 138 4238 Rhen.
158 4184 192 4237 Ll
210 4201 236 4252 p.
256 4183 314 4237 503.
936 4235 938 4239 ,

1016 4274 1032 4325 3
