2910 4920
619 313 825 376 ..53-

147 486 293 568 magicae)
316 487 498 552 intantum
522 488 715 565 adhaesisse,
738 489 960 554 utMenander
981 508 1111 571 quoque
1201 488 1303 552 Thes·

96 593 101 665 ζ
151 586 235 650 salam
265 587 510 670 cognominaret
540 587 683 653 fabulam
713 589 912 671 complexam
936 589 1090 669 ambages
1110 587 1301 653 feminarum

96 747 100 764 ζ
155 684 376 752 detrahentium
400 688 530 753 lunam’.
574 685 699 753 Canum
721 708 798 752 vero
820 693 1016 766 amatorem,
1039 688 1094 770 qui
1116 688 1304 752 adulescen-

156 786 211 850 tulis
229 787 368 852 ludibrio
384 791 432 852 est
447 808 476 852 r.
488 790 529 853 89
542 809 623 871 sqq,
647 787 805 852 comicam
827 808 999 870 personam
1022 808 1090 852 esse
1113 787 1178 852 iam
1202 807 1301 869 supra

96 874 108 979 ,ἶ
159 888 218 964 r37
239 887 387 952 vidimus.
429 888 550 951 Deinde
573 888 730 951 consentit
749 887 988 953 accuratissime
1010 888 1127 952 Tibulli
1150 908 1179 951 v.
1203 887 1243 950 79
1254 907 1301 968 sq.

329 1003 397 1039 num
413 985 526 1042 Veneris
545 1003 663 1056 magnae
681 985 783 1040 violavi
801 985 917 1040 numina.
935 985 1025 1048 verbo,

393 1075 421 1125 et
438 1088 500 1126 mea
517 1089 590 1126 nunc
608 1088 711 1142 poenas
727 1071 814 1141 impia
832 1071 928 1142 lingua
944 1071 1016 1126 luit?

96 1140 108 1181 ³⁹
162 1175 213 1220 curn
228 1159 312 1223 senis
334 1159 474 1224 amantis
495 1160 600 1224 verbis
622 1161 654 1223 in
674 1159 780 1224 Plauti
801 1159 917 1224 Casina
939 1161 1000 1224 617
1017 1180 1063 1242 sq.

331 1261 380 1311 aut
398 1256 465 1326 quid
482 1273 533 1328 ego
551 1274 682 1326 umquam
702 1274 767 1326 erga
789 1257 921 1311 Venerem
940 1256 1034 1325 inique
1052 1257 1171 1323 fecerim,

330 1343 374 1398 cui
391 1343 429 1398 sic
446 1347 490 1398 tot
507 1342 614 1399 amanti
631 1343 700 1396 mihi
716 1343 826 1398 obviam
846 1341 976 1398 eveniunt
994 1342 1108 1397 morae?

96 1438 102 1480 ἱ
164 1426 281 1514 lienique
302 1436 340 1495 ut
360 1432 479 1496 Tibulli
501 1451 602 1497 canus
624 1436 750 1495 amator
778 1451 808 1494 v.
830 1432 887 1508 93,
918 1430 963 1493 sic
992 1431 1024 1493 in
1045 1429 1152 1493 Plauti
1174 1428 1304 1495 Trucul.

96 1538 100 1557 ⁸
166 1529 207 1592 115
219 1552 264 1614 sq.
289 1532 481 1596 Diniarchus
501 1529 607 1595 ‘carae
628 1530 754 1612 puellae
775 1531 924 1594 ancillam
949 1529 1088 1593 detinet'.

222 1631 281 1696 Sed
304 1632 368 1696 iam
391 1634 422 1695 te
444 1630 541 1696 audio
570 1631 838 1712 interrogantem,
869 1629 1016 1712 quisnam
1047 1630 1088 1692 sit
1117 1628 1215 1692 homo
1245 1628 1305 1706 ille,

164 1727 243 1804 quir.
264 1732 304 1794 87
319 1750 389 1812 sqq.
411 1730 572 1794 Tibullum
593 1733 669 1794 ante
691 1730 799 1794 Deliae
818 1729 936 1793 ostium
959 1732 1126 1792 canentem
1151 1727 1304 1793 irrideat?

164 1821 255 1909 Habes,
277 1831 311 1894 ni
333 1830 441 1908 fallor,
465 1834 681 1911 grassatorem
704 1833 907 1894 nocturnum.
950 1828 1081 1892 Dixerat
1102 1828 1185 1892 eninr
1209 1831 1305 1909 poeta

163 1929 213 1992 l·3
310 1979 317 1994 .

215 1932 307 2012 3Sqq
331 2026 436 2097 parcite
454 2026 612 2095 luminibus,
630 2044 677 2080 scu
698 2027 740 2079 vir
757 2044 804 2082 seu
822 2027 926 2082 femina
943 2026 993 2081 fiat
1047 2021 1048 2024 '

332 2113 427 2167 obvia:
445 2112 529 2168 celari
548 2114 605 2168 volt
622 2131 671 2168 sua
689 2114 765 2168 furta
783 2113 881 2169 Venus.

331 2216 384 2255 neu
402 2199 518 2270 strepitu
535 2202 638 2254 terrete
657 2201 767 2271 pedum,
785 2217 838 2255 neu
854 2199 979 2269 quaerite
996 2215 1115 2266 nomen,

329 2301 384 2339 neu
403 2302 487 2356 prope
506 2286 624 2355 fulgenti
643 2285 748 2340 lumina
766 2286 836 2341 ferte
855 2286 914 2340 face
931 2303 986 2354 eqs.

161 2357 231 2434 Nunc
250 2392 327 2437 vero
360 2379 488 2455 praeter
515 2374 670 2456 reliquam
693 2374 909 2438 calamitatem
942 2377 1105 2453 grassator
1127 2375 1303 2436 nocturnus

161 2457 183 2524 ln
199 2488 262 2534 eum
283 2472 410 2551 incidit,
441 2472 512 2554 qui,
543 2492 742 2555 quamquam
773 2493 837 2537 non
866 2472 999 2556 pallium
1022 2471 1153 2552 surripit
1175 2474 1233 2535 aut
1255 2470 1303 2533 in·

160 2557 220 2668 letto
240 2573 322 2636 ferro
344 2571 489 2636 membra
511 2572 600 2655 petit,
624 2575 733 2637 tamen
759 2572 873 2637 infelici
889 2572 1026 2638 amatori
1044 2571 1155 2635 illudit.
1199 2570 1304 2635 Huius

159 2667 316 2735 ldterventu
339 2672 502 2753 aptissime
525 2676 638 2736 cantus
660 2676 692 2735 et
710 2692 842 2736 carmen
862 2672 980 2736 finitur.
991 2671 1013 2752 ¹)
1154 2750 1156 2753 Ι

223 2769 343 2848 Quibus
365 2770 606 2834 difficultatibus
628 2772 807 2854 explanatis
829 2774 871 2836 ad
893 2772 1074 2836 comicos
1096 2774 1305 2835 amatores

159 2865 323 2948 redeamus,
347 2890 427 2952 quos
450 2889 514 2934 non
537 2870 641 2934 solum
662 2871 820 2936 flebilibus
841 2872 1004 2948 cantibuS,
1027 2873 1063 2934 ut
1086 2890 1106 2934 a
1126 2869 1233 2951 puella
1254 2888 1303 2932 re-

111 3051 114 3055 .
159 2958 314 3048 cipiantur,
342 2989 472 3051 rogare,
504 2970 678 3035 sedetiam
702 2972 738 3035 vi
763 2964 1014 3053 irrumpere,
1038 2974 1179 3051 postes
1199 2969 1304 3034 fran-

158 3072 231 3133 sere
251 3069 406 3133 videmus.
449 3069 614 3134 Adeamus
636 3070 694 3134 lros
714 3071 828 3135 hocos:

96 3158 98 3175 '
185 3159 365 3236 Aristophanis
383 3184 455 3236 vesp.
476 3166 542 3221 1253
552 3185 609 3236 sqq.

597 3249 651 3307 ἀπὸ
670 3250 724 3328 γὰρ
745 3255 823 3307 οἴνου
842 3256 973 3322 γίγνεται

331 3341 378 3392 καὶ
396 3340 590 3412 θυροκοπῆσαι
609 3341 656 3393 καὶ
674 3338 795 3398 πατάξαι
815 3341 863 3392 καὶ
881 3341 982 3409 βαλεῖν,

332 3421 446 3479 κᾶπειτ’
463 3430 608 3481 ἀποτίνειν
628 3422 767 3499 ἅργύριον
785 3423 818 3480 ἐκ
833 3424 995 3498 κραιπάλης.

182 3519 339 3604 Antiphanis
358 3530 409 3600 frg.
430 3531 488 3594 195,
499 3529 514 3583 3
525 3548 573 3599 sq,
591 3531 624 3584 K.
642 3533 666 3584 ll
685 3549 712 3600 p.
733 3531 767 3584 94

336 3618 475 3668 τοιουτοσί
493 3618 534 3675 τίς
553 3615 613 3688 εἰμι
631 3634 685 3684 eqs.
1183 3664 1185 3668 ,

331 3698 422 3771 θύρας
439 3699 590 3773 μοχλεύειν
608 3698 729 3773 σεισμός,
750 3700 880 3771 cleandris
899 3696 986 3772 ἀκρίς.
1086 3764 1089 3770 ¹
1139 3762 1141 3767 .
1223 3759 1225 3762 y

152 3781 332 3818 &-

210 3860 236 3926 1)
254 3864 340 3920 Aliter
365 3865 399 3920 de
423 3867 475 3921 hoc
499 3869 619 3923 carmine
643 3869 785 3940 disputant
803 3869 939 3924 Disaenius
964 3872 993 3923 in
1012 3870 1209 3924 commentario
1226 3887 1252 3938 p.
1272 3869 1305 3924 33

141 3927 161 3976 et
186 3937 259 4014 Leo,
283 3952 420 4023 Philolog.
450 3954 557 4010 [intera.
577 3956 601 4008 ll
628 3974 653 4025 p.
674 3957 724 4025 34,
751 3973 867 4025 quorum
893 3956 1134 4027 interpretationes
1158 3972 1249 4010 meam
1263 3961 1306 4018 ,eo

136 4021 264 4093 miletam
281 4038 405 4109 credam,
423 4040 497 4108 quod
514 4041 585 4095 nihil
604 4041 634 4095 in
652 4043 768 4112 elegiam
786 4043 892 4109 infero,
911 4045 964 4098 nisi
982 4044 1055 4114 quod
1074 4042 1159 4112 ipsius
1177 4042 1306 4097 carminis

135 4104 230 4171 verbi,
245 4129 293 4180 aut
311 4126 434 4196 antiquis
452 4128 617 4182 testimoniis
636 4129 769 4184 firmatur.
