2910 4920
635 285 842 348 ..77-

140 469 351 536 amatoribus
373 467 500 548 exigere
520 466 652 548 possint.
700 465 890 543 Memineris,
913 466 938 529 si
959 466 1075 548 placet,
1097 467 1263 536 Clearetae
1284 472 1316 537 in

139 570 254 635 Plauti
285 568 434 633 Asinaria
462 567 618 648 504sqq,
650 566 743 630 lenae
772 566 804 628 in
834 565 940 629 Plauti
969 564 1147 633 Cistellaria
1178 573 1218 636 38
1236 592 1317 655 sqq,

142 688 268 734 avarae
298 666 410 731 matris
440 666 471 728 in
499 665 640 729 Terentii
663 664 818 728 Eunucho
840 666 900 730 233
918 686 987 748 sqq.
1030 667 1202 735 Praeterea
1222 690 1317 753 prae·

142 773 243 851 cepta
272 765 453 831 meretricia
484 765 516 828 in
546 765 676 829 Luciani
710 765 843 846 dialogis
873 771 999 830 merelr.
1023 769 1051 846 3,
1074 769 1103 846 6,
1127 770 1197 847 7,8
1231 774 1317 835 certe

143 889 184 932 ex
215 866 375 931 similibus
403 864 584 928 Atticarum
615 863 796 928 tabularum
825 864 928 928 scenis
952 864 1121 932 fluxerunt.
1178 870 1222 933 At
1250 890 1315 935 non

142 968 252 1031 solum
284 985 303 1030 a
333 963 493 1027 veteribus
522 963 581 1025 illis
614 962 834 1026 meretricibus
864 963 1000 1044 imperiti
1033 971 1180 1031 amantes
1212 973 1315 1033 artem

144 1066 344 1131 amatoriam
369 1063 511 1139 discunt,
545 1063 601 1125 sed
629 1062 725 1127 etiam
754 1063 904 1127 meretrix
933 1064 1036 1128 maior
1064 1069 1145 1130 natu
1173 1087 1314 1131 sororem

143 1167 319 1241 minorem,
342 1182 462 1244 gnarus
484 1162 673 1226 adulescens
696 1163 853 1242 ignarum,
881 1164 1030 1228 meretrix
1052 1170 1232 1230 amatorem
1254 1167 1316 1232 hac

145 1264 318 1347 disciplina
340 1263 498 1326 imbuunt.
541 1261 592 1325 Sic
608 1263 743 1326 edocent
760 1262 790 1326 in
810 1263 914 1327 Plauti
928 1263 1071 1329 Poenulo
1084 1266 1315 1348 Adelphasium

144 1365 306 1428 minorem
329 1381 480 1439 sororem,
502 1361 535 1424 in
550 1362 682 1425 Luciani
705 1362 778 1425 dial.
796 1364 908 1426 mer.8
929 1364 1072 1446 Ampelis
1094 1366 1181 1430 aliud
1201 1386 1313 1431 recens

145 1467 309 1540 scortum,
341 1463 373 1525 in
402 1461 508 1525 Plauti
536 1461 726 1525 Trinummo
758 1462 924 1545 Lysiteles,
958 1464 1013 1546 qui
1038 1463 1159 1530 ‘omnes
1188 1467 1316 1531 Amoris

147 1563 219 1626 vias
242 1561 347 1639 tenet,
370 1561 591 1639 Lesbonicum,
615 1561 647 1624 in
669 1562 864 1625 Truculento
886 1563 1078 1645 Astaphium
1102 1565 1314 1647 despoliatum

146 1660 368 1726 Diniarchum.
418 1659 666 1738 Quodammodo
688 1661 772 1725 inter
792 1662 912 1725 amoris
934 1663 1102 1744 magistros
1124 1665 1315 1729 numerandi

146 1767 219 1826 sunl
252 1761 335 1825 servi
364 1779 493 1842 quoque
524 1760 564 1823 illi
591 1761 719 1838 comici,
752 1762 809 1843 qui
838 1763 882 1825 eri
904 1762 976 1827 filiis
998 1763 1182 1828 amantibus
1204 1765 1316 1846 nequi·

145 1863 268 1926 tiarum
291 1859 454 1924 adiutores
473 1864 556 1923 sunt.

232 1962 297 2025 lam
329 1979 406 2024 vero
433 1959 563 2040 elegiaci
593 1960 815 2024 Romanorum
849 1965 965 2042 poetae
996 1963 1141 2027 similiter
1170 1983 1313 2027 amorem

145 2062 239 2145 quasi
258 2064 360 2124 artem
378 2063 409 2122 et
424 2058 623 2140 disciplinam
641 2059 827 2140 depingunt.
861 2060 987 2125 Scilicet
1012 2062 1043 2125 in
1062 2063 1158 2144 elegis
1172 2062 1313 2144 plerum-

145 2181 211 2244 que
231 2162 329 2242 poeta
351 2159 419 2240 ipse
441 2158 559 2222 amoris
582 2159 734 2239 magister
755 2160 886 2238 exsistit,
908 2162 995 2225 velut

180 2259 283 2312 Tibull.
302 2257 314 2310 l
332 2257 357 2320 6,
367 2257 383 2310 9
393 2274 451 2325 sqq.

324 2343 381 2414 ipse
400 2343 481 2398 miser
499 2343 586 2410 docui,
605 2361 658 2413 quo
676 2349 766 2415 posset
784 2346 877 2402 ludere
895 2349 976 2416 pacto

391 2429 528 2484 custodes:
548 2431 616 2486 heu!
635 2432 705 2487 heu!
723 2449 796 2486 nuuc
814 2449 923 2502 premor
940 2436 999 2488 arte
1018 2450 1081 2488 mea
1097 2450 1151 2500 eqs.

181 2517 261 2572 Ovid.
280 2534 365 2571 amor.
382 2517 406 2570 Π
426 2516 467 2583 18,
478 2516 511 2570 20

322 2603 348 2658 ei
367 2601 448 2656 mihi!
473 2604 626 2673 praeceptis
645 2620 745 2674 urgeor
763 2604 820 2673 ipse
838 2602 912 2657 meis.

182 2691 284 2745 'tibull
303 2690 315 2743 l
334 2690 360 2754 4,
373 2690 405 2742 75
415 2706 455 2758 sq.

492 2790 538 2827 vos
556 2791 600 2828 me
617 2773 754 2828 celebrate
772 2772 946 2842 magistrum,

322 2878 389 2931 quos
406 2861 477 2915 male
496 2860 581 2914 babet
598 2860 687 2915 multa
705 2860 819 2914 callidus
836 2862 896 2914 arte
914 2874 982 2928 puer
1000 2873 1053 2924 eqs.

183 2949 286 3004 Tibull.
306 2948 318 3001 1
337 2949 456 3016 8‚5sqq.

324 3035 384 3104 ipsa
402 3035 492 3087 Venus
512 3032 617 3102 magico
636 3030 784 3099 religatum
803 3026 932 3081 bracchia
949 3025 1021 3079 nodo

393 3119 535 3188 perdocuit
553 3116 647 3172 mullis
665 3132 720 3170 nou
740 3115 798 3170 sine
814 3112 976 3168 verberibus.

145 3210 247 3275 Haud
270 3207 361 3272 aliter
383 3206 568 3288 Propertius
590 3203 737 3286 peritiam
760 3223 853 3266 suam
874 3203 988 3264 nactus
1010 3203 1071 3266 est:

181 3309 264 3376 Prop.
286 3306 298 3359 l
317 3306 417 3374 9‚‘lsq.

324 3409 367 3446 me
386 3391 462 3445 dolor
481 3393 509 3444 et
527 3387 655 3442 lacrimae
673 3386 773 3440 merito
793 3385 879 3439 fecere
897 3383 1030 3453 peritum:

396 3480 480 3545 atque
497 3475 606 3529 utinam
625 3472 713 3543 posito
733 3472 809 3526 dicar
827 3487 919 3525 amore
937 3468 1025 3523 rudis!

182 3575 267 3643 Prop.
286 3572 327 3626 III
347 3572 371 3641 8,
385 3571 414 3624 l‘l
425 3587 463 3638 sq.

328 3658 370 3712 his
388 3674 440 3726 ego
458 3654 603 3710 tormentis
621 3651 707 3707 animi
726 3667 785 3702 sum
805 3665 882 3702 verus
901 3647 1045 3716 haruspex,

396 3744 446 3798 has
465 3741 548 3795 didici
566 3743 640 3794 certo
658 3753 738 3805 saepe
756 3735 785 3789 iu
805 3751 896 3789 amore
915 3738 1002 3789 notas.

187 3832 266 3887 Adde
284 3830 363 3885 Ovid.
383 3846 468 3884 amor.
488 3830 510 3880 ΙΙ
530 3831 554 3897 5,
564 3828 595 3880 61
612 3843 652 3894 sq.

327 3918 377 3971 illa
395 3915 447 3969 nisi
466 3914 494 3968 in
513 3914 584 3968 lecto
603 3926 737 3978 nusquam
756 3907 870 3976 potuere
888 3903 986 3958 doceri.

399 4001 489 4056 neseio
509 4000 569 4068 quis
587 3997 706 4068 pretium
725 3991 829 4064 grande
848 3989 980 4060 magister
997 3988 1089 4043 habet.

148 4093 313 4160 Nimirum
347 4091 424 4154 artis
448 4089 625 4152 amatoriae
653 4087 748 4165 poeta
777 4102 810 4143 se
833 4081 935 4162 ipsum
960 4077 1068 4140 mullis
1090 4074 1167 4139 locis
1189 4070 1320 4137 amandi
