2910 4920
80 376 192 460 Neque
213 379 309 444 aliter
328 380 579 462 pulchritudinis
600 383 648 448 vis
664 384 842 452 illustratur
856 388 893 453 in
912 391 1027 474 elegis
1046 394 1256 469 Romanorum
1321 389 1328 452 i

83 476 127 541 ibi
149 478 235 542 enim
253 478 419 545 audimus:

118 574 200 645 Prop.
220 574 247 627 ll
264 576 308 645 29,
318 578 351 632 25
362 596 401 647 sq.

235 661 371 733 obstipui:
399 682 454 720 non
472 665 522 720 illa
539 663 609 717 mihi
625 665 769 722 formosior
786 686 923 738 umquam

339 747 405 813 visa,
424 765 513 817 neque
531 749 636 804 ostrina
655 769 717 805 cum
736 752 790 807 fuit
808 753 838 807 in
857 754 967 811 tunica

118 831 199 902 Prop.
218 831 255 886 IV
273 832 299 898 4,
310 833 340 886 21
357 850 397 901 sq.

235 917 370 987 obstipuit
386 915 459 986 regis
477 913 547 969 facie
566 919 595 971 et
612 917 751 988 regalibus
769 919 853 973 armis

323 1003 449 1070 interque
467 1000 568 1056 oblitas
585 1001 688 1056 excidit
707 1020 777 1058 urna
794 1021 897 1058 manus.

119 1089 220 1144 Tibull.
240 1089 279 1144 IV
298 1090 397 1158 2‚3sq.
432 1138 435 1143 .

474 1175 505 1228 at
521 1176 562 1242 tu,
581 1172 709 1236 violente,
727 1176 831 1238 caveto,

234 1276 269 1313 ne
287 1259 340 1314 tibi
358 1258 474 1314 miranti
490 1255 609 1328 turpiter
626 1274 704 1312 arma
721 1258 829 1313 cadant.

118 1344 197 1399 Ovid.
218 1343 322 1398 heroid.
340 1344 390 1396 XV
412 1342 499 1411 (XVI)
518 1343 568 1396 251

234 1428 300 1482 dum
318 1431 415 1497 stupeo
434 1427 499 1481 visis
519 1427 595 1495 (nam
612 1426 710 1496 poeula
729 1427 801 1480 forte
817 1424 969 1496 tenebam),

327 1511 428 1567 tortilis
448 1510 579 1582 adigitis
597 1511 699 1566 excidit
715 1529 782 1566 anea
800 1511 875 1565 meis.

86 1601 234 1678 Quocum
257 1604 438 1682 congruunt
458 1599 622 1664 Chariton.
643 1599 668 1661 ll
689 1599 754 1677 5,4
784 1599 857 1661 ἐπεὶ
887 1598 924 1660 δὲ
947 1586 1042 1681 ἧκεν,
1079 1607 1132 1667 ἔτι
1153 1605 1262 1686 μᾶλλο
1326 1583 1329 1593 ’

85 1701 190 1786 αὐτὴν
229 1698 432 1781 ἐθαύμασαν
473 1696 631 1771 ἅπαντες.
684 1698 901 1780 καταπλαγεὶς
942 1689 1003 1764 οὖν
1047 1702 1070 1764 o‘
1105 1701 1262 1776 Διονύσιος

85 1799 217 1885 ἄφωνος
238 1790 293 1885 ἦν,
324 1803 355 1865 et
376 1799 537 1863 Heliodor.
561 1799 638 1863 lll3
661 1818 691 1879 p.
714 1799 784 1878 272,
807 1818 837 1863 v.
860 1801 897 1863 17
926 1801 1122 1884 ἐξέπληττε
1143 1808 1206 1886 μὲν
1230 1802 1261 1884 δή

50 1903 52 1906 ’
85 1903 139 1964 καὶ
169 1900 299 1973 πάντας
328 1900 370 1961 cul
400 1895 549 1979 ὁρώμενοι
579 1897 633 1958 καὶ
663 1897 722 1981 τήν
751 1895 933 1985 οἰκητήριον
961 1898 1133 1982 ἀνδρείας
1162 1927 1200 1966 τε
1218 1902 1261 1964 xci

85 1999 222 2072 κάλλους
240 2002 357 2086 ψῆφον
379 2001 425 2078 τῷ
447 2001 560 2079 νεανίᾳ
582 1994 707 2070 πάντες
729 1997 907 2077 αἰτένεμον.

172 2101 197 2163 Ε
219 2099 380 2163 contrario
402 2097 499 2162 etiam
520 2097 657 2160 laetos
684 2100 724 2160 et
754 2097 918 2161 hilaros
945 2097 1175 2167 formosae
1196 2121 1262 2166 mu·

87 2199 211 2264 lieris
233 2198 348 2261 visus
380 2196 763 2261 hominesreddere
791 2201 951 2279 potest,
974 2198 1067 2263 velut
1092 2201 1129 2265 in

121 2295 216 2352 Plauti
234 2295 328 2350 Sticho
347 2294 398 2347 748

268 2383 312 2436 fac
330 2397 380 2434 nos
396 2380 498 2435 hilaros
515 2381 658 2436 hilariores
677 2397 758 2450 opere
778 2384 862 2450 atque
881 2382 1001 2436 adventu
1019 2384 1080 2438 tuo.

122 2465 243 2536 Ephippi
261 2468 361 2536 fragm.
380 2468 404 2536 6,
418 2468 434 2520 6
450 2485 489 2534 sq.
514 2467 547 2520 K.
567 2467 591 2520 ll
610 2486 636 2537 p.
656 2467 708 2520 254

271 2550 384 2623 ἐποίησέ
402 2555 428 2604 θ’
448 2548 545 2625 ἱλαρὸν
563 2548 670 2613 εὕθέως
689 2548 712 2606 ι’
731 2549 830 2620 ἀφεῖλε
849 2552 906 2606 πᾶν

270 2633 358 2691 αὐτοῦ
376 2632 407 2689 τὸ
426 2637 530 2692 λυποῦν
549 2635 575 2692 κ’
595 2635 743 2698 ἀπέδειξεν
762 2640 850 2694 ἵλεων.

124 2717 231 2775 Terent.
245 2724 342 2792 Hecyr.
360 2725 411 2778 857
421 2743 481 2794 sqq,

528 2808 726 2877 antiquamque
743 2810 812 2865 adeo
830 2813 909 2865 tuam
926 2811 1099 2866 venustatem
1122 2812 1244 2882 obtines,

194 2895 227 2947 ut
246 2894 383 2964 voluptati
401 2895 500 2965 obitus,
519 2913 615 2962 serm0,
634 2896 767 2950 adventus
784 2900 854 2966 tuos,
873 2913 1065 2967 quoquumque
1082 2897 1244 2963 adveneris,

195 2997 302 3049 semper
320 2980 356 3034 sit
381 2997 435 3049 eqs.

91 3065 343 3147 Requirentibus
374 3073 482 3132 aulem
515 3066 609 3131 nobis
641 3067 756 3131 similia
789 3088 828 3131 ex
858 3067 1005 3148 elegiacis
1035 3068 1144 3147 poetis
1174 3071 1269 3135 offert

128 3163 240 3221 Ovidius
260 3166 363 3221 heroid.
383 3166 419 3219 IV
438 3167 473 3220 84

294 3250 411 3320 denique
428 3254 523 3305 nostra
541 3250 621 3303 iuvat
637 3248 752 3320 lumina,
771 3249 904 3318 quidquid
923 3247 991 3319 agie,

95 3340 127 3400 el
147 3336 309 3401 Heliodor.
341 3339 367 3401 ll
392 3340 439 3415 33,
465 3359 494 3402 v.
519 3339 559 3403 32
595 3338 665 3400 α’πό
695 3339 733 3400 δὲ
762 3342 817 3420 τῆς
845 3339 950 3417 χειρός
978 3331 1151 3421 ἠσπάζετο
1182 3336 1270 3420 κάμὲ

96 3436 178 3514 πρὸς
195 3435 233 3496 τό
252 3435 467 3516 φαιδρότερον
479 3437 631 3520 ὀφθεῖσα
645 3435 747 3517 μόνον
761 3438 901 3519 ἀνίῃσιν.
945 3435 1040 3518 Apud
1053 3431 1268 3520 Theocritum
1329 3492 1331 3499 .

95 3554 171 3598 vero
193 3535 235 3598 id.
259 3534 326 3599 Vlll
343 3537 380 3599 41
400 3556 469 3619 sqq.
493 3540 655 3604 virescunt
676 3539 771 3602 flores
792 3542 824 3601 et
842 3541 989 3601 crescunt
1009 3535 1160 3617 pecudes,
1187 3558 1270 3620 quo-

97 3655 235 3716 cumque
264 3635 406 3716 pulchra.
430 3637 519 3717 virgo
550 3638 688 3702 advenit.
732 3638 889 3713 Tandem,
919 3638 954 3699 ut
977 3656 1088 3699 omnes
1110 3637 1270 3720 antiquae

98 3733 228 3796 fabulae
251 3735 339 3815 apud
361 3735 598 3801 Alexandrinos
626 3737 764 3800 colorem
796 3737 958 3819 quendam
989 3735 1184 3799 amatorium
1217 3759 1269 3802 as-

98 3834 281 3910 sumunt‚¹)
304 3834 350 3897 ita
368 3836 465 3898 eliam
486 3836 590 3899 belli
611 3836 786 3901 Troiani
808 3835 953 3900 fabula
974 3835 1034 3898 uti
1057 3833 1197 3901 solent
1217 3840 1270 3904 ad

170 4017 195 4079 1)
219 4012 259 4067 Of.
276 4013 350 4081 Otto,
370 4012 410 4066 De
429 4012 529 4067 fabulis
547 4015 732 4084 Propertianis
750 4019 769 4080 Ι,
789 4015 935 4070 Vratislav.
956 4014 1030 4077 1880,
1048 4032 1075 4082 p.
1094 4014 1136 4068 20.
