2910 4920
611 291 816 358 ...32-

155 472 257 529 'I'ibull
277 470 316 524 IV
337 470 361 535 1,
378 468 427 523 182

283 557 412 619 Fortuna,
431 559 464 610 ut
489 572 546 611 mos
564 554 671 620 catilli,
691 571 734 609 me
753 553 867 608 adversa
884 549 1003 620 fatiget.

158 652 235 707 Ovid.
254 649 358 704 heroid.
377 648 466 702 11143

286 754 322 791 an
338 735 450 789 miseros
466 735 552 789 tristis
570 733 692 787 Fortuna
710 729 844 786 tenaciter
861 728 965 799 urget?

157 829 233 885 Ovid.
252 846 286 884 ex
303 831 391 882 Ponto
408 830 433 882 Il
452 829 476 892 7,
487 829 520 882 20
529 847 588 898 sqq.

286 916 422 983 verbaque
440 914 578 970 Fortunae
596 915 643 974 vix
661 917 730 985 puto
747 931 824 984 posse
835 911 916 975 duri:

286 1004 328 1056 est
345 1001 386 1054 illi
403 1018 484 1056 curae
500 1019 544 1056 me
561 1001 689 1071 perdere:
714 1017 839 1070 quaeque
857 998 964 1054 solebat

288 1105 345 1143 esse
364 1087 439 1152 levis,
459 1092 585 1143 constans
604 1092 632 1144 et
650 1090 719 1143 bene
737 1090 813 1142 certe
831 1087 919 1141 nocet.

161 1182 261 1237 'l'ibull
281 1183 293 1234 I
311 1182 335 1245 5,
346 1180 379 1235 70

290 1270 418 1330 versatur
431 1267 511 1321 celeri
529 1267 594 1321 Fors
611 1266 678 1322 levis
694 1267 760 1322 orbe
780 1269 870 1340 rotae.

162 1362 359 1432 Prop.118‚7
404 1350 407 1356 ’
906 1406 909 1414 ,
970 1407 974 1411 .
1016 1428 1020 1434 ρ

296 1448 391 1518 omnia
409 1451 562 1512 vertuntur,
588 1450 660 1502 certe
679 1449 825 1501 vertuntur
842 1461 957 1499 amores.

165 1540 244 1598 ovid.
264 1542 336 1597 trist,
356 1541 379 1595 V
398 1541 423 1612 8,
434 1543 449 1595 7
460 1557 500 1610 sq.

137 1660 140 1665 -
314 1646 377 1684 nec
396 1628 494 1682 metuis
512 1626 596 1682 dubio
614 1627 752 1682 Fortunae
770 1627 871 1682 stantis
887 1627 918 1682 in
935 1628 1000 1683 orbe

379 1732 482 1770 numen
501 1718 530 1770 et
547 1731 643 1770 exosae
661 1714 745 1769 verba
762 1716 881 1786 superba
898 1716 987 1770 deae?

133 1808 246 1873 Addas
267 1809 361 1875 Ovid.
385 1815 505 1874 metam
527 1811 701 1893 111141sq.
725 1810 765 1874 Vl
788 1812 847 1875 195
857 1831 904 1893 sq.
928 1811 998 1876 VIII
1013 1811 1054 1876 73
1070 1832 1126 1896 sq.
1152 1807 1259 1880 X603
1270 1833 1308 1894 sq.

133 1908 205 1973 XIII
226 1911 287 1975 333
298 1931 345 1992 sq.
380 1910 459 1974 trist.
483 1911 497 1974 Ι
519 1911 548 1988 5,
560 1911 600 1974 λλ
612 1931 658 1992 sq.
692 1911 767 1988 V8,
783 1911 820 1974 15
832 1931 879 1993 sq.
902 1911 1122 1996 vineasq.
1157 1935 1199 1979 ex
1224 1914 1309 1978 Pont

133 2009 512 2092 1111,125sq.1v3‚7.

216 2114 296 2180 Cum
321 2120 412 2181 tanta
435 2117 476 2180 sit
494 2115 892 2180 Fortunaeineonstantia
915 2119 948 2180 et
965 2106 1102 2196 invidia,
1129 2139 1310 2204 numquam

134 2215 282 2280 homines
299 2215 468 2298 providere
482 2218 625 2297 possunt,
644 2215 722 2297 quid
740 2216 899 2280 crastinus
916 2215 997 2280 ferat
1013 2216 1090 2296 dies.
1141 2221 1191 2285 At
1208 2225 1310 2286 certae

135 2318 167 2378 et
188 2315 387 2380 inevitabiles
411 2315 579 2378 immittent
601 2335 687 2378 mors
710 2318 742 2378 et
765 2304 928 2393 sonemus
958 2316 1076 2398 quibus
1096 2337 1222 2386 omnes
1244 2323 1310 2404 pul-

135 2414 323 2480 chritudiuis
345 2421 376 2480 et
397 2414 571 2479 iuventutis
594 2415 712 2496 gaudia
734 2418 900 2497 pereunt
922 2414 1012 2492 Quas
1033 2417 1198 2497 quoniam
1212 2427 1310 2485 'nemo

133 2534 289 2597 umquam
312 2516 451 2595 effugere
478 2517 600 2596 potest,
631 2518 784 2596 poetae
813 2515 928 2579 vitae
961 2515 1184 2582 brevitate
1217 2525 1310 2585 ante

135 2616 279 2680 oculos
310 2615 451 2698 posita
486 2615 536 2678 ad
568 2614 785 2679 amandum
821 2619 859 2681 et
890 2615 1120 2697 potandum
1160 2621 1311 2685 adhor-

136 2719 290 2780 tantur.
334 2716 383 2779 Ac
409 2715 548 2796 primum
580 2715 709 2796 quidem
740 2734 863 2796 paucos
886 2715 1088 2778 subscribam
1111 2715 1225 2798 locos,
1261 2721 1310 2803 qui

134 2815 174 2879 de
198 2815 414 2879 humanarum
436 2833 543 2878 rerum
566 2814 783 2879 imbecillitate
807 2819 839 2878 et
859 2814 992 2878 instanti
1014 2818 1120 2879 morte
1142 2824 1271 2899 agunt:

133 2988 135 2992 Α
174 2918 318 2975 Menandri
336 2920 387 2990 frg.
407 2919 562 2988 301,5sqq.
583 2919 614 2972 K.
631 2920 666 2972 lll
684 2937 711 2988 p.
731 2919 765 2973 85

334 3000 491 3064 ἀθανασίας
510 3000 539 3057 δ’
561 3001 612 3058 οὐκ
631 3004 715 3074 ἔστιν,
734 3000 798 3058 οὔδ’
817 3000 852 3057 ἂν
870 3001 1040 3077 συναγάγῃς,

332 3088 365 3144 τὰ
392 3089 534 3145 Ταντάλου
553 3087 664 3145 τάλαντ’
683 3090 778 3146 ἐκεῖνα
797 3088 945 3163 λεγόμενα·

331 3173 389 3231 ἄλλ’
410 3173 555 3232 ἀποθανεῖ
570 3179 617 3231 καὶ
637 3175 724 3232 ταῦτα
744 3179 927 3244 καταλείψεις
946 3177 1026 3229 τισίν.

172 3271 296 3342 Prop.ll
316 3274 431 3341 ll‚3sq.
961 3270 963 3274 ⁴
1068 3266 1070 3270 Α

331 3359 432 3427 omnia,
450 3358 528 3414 crede
547 3353 623 3422 mihi,
644 3361 735 3412 tecum
753 3372 808 3411 uno
825 3372 940 3410 munera
958 3356 1027 3408 lecto
1119 3341 1120 3344 ¹

375 3436 377 3441 ¹
398 3447 504 3500 auferet
521 3444 638 3500 extremi
660 3443 763 3497 funeris
779 3447 841 3498 atra
859 3442 925 3496 dies.

173 3538 253 3608 prop.
272 3539 309 3590 111
327 3539 351 3606 ε,
363 3538 447 3604 resq..

332 3625 406 3678 haud
425 3624 494 3678 ullas
511 3623 637 3693 portabis
655 3639 719 3691 opes
739 3621 900 3675 Acherontis
921 3620 956 3674 ad
974 3619 1076 3674 undas:
1186 3669 1190 3674 ,

402 3710 489 3764 nudus
508 3714 539 3764 at
556 3709 673 3772 inferna,
693 3710 783 3771 stulte,
804 3707 902 3763 vehere
919 3709 987 3761 rate.

138 3806 222 3869 Tum
244 3805 276 3868 in
299 3806 472 3869 comoediis
492 3809 526 3869 et
558 3804 653 3884 elegis
675 3803 882 3868 usitatissima
909 3801 1068 3866 sententia
1089 3803 1136 3862 est
1159 3802 1315 3876 omnibus

139 3905 340 3982 huminibuS‚
370 3910 402 3968 et
423 3903 651 3987 potentissimis
673 3907 704 3965 et
726 3902 887 3966 ditissimis
907 3907 938 3965 et
960 3899 1200 3983 pulcherrimis,
1225 3901 1312 3964 viam

140 4004 213 4068 Oroi
237 4024 306 4068 esse
327 4005 511 4080 terendam,
534 4002 574 4065 de
596 4020 661 4082 qua
684 4003 846 4066 conferas:
