2910 4920
495 347 746 411 .-71-

15 539 22 559 -·
103 519 177 590 Prop.
198 519 238 572 ΙΙΙ
259 520 412 589 13‚48sqq.

305 625 402 662 aurum
420 624 513 662 omnes
531 607 605 661 victu
624 608 680 662 iam
698 608 802 677 pietate
821 610 921 673 colunt,

252 710 320 747 auro
338 694 416 764 pulsa
433 693 506 757 fides,
526 710 591 748 auro
611 694 719 748 venalia
736 695 810 750 iura:

306 797 401 833 aurum
422 780 465 836 lex
485 779 617 848 sequitur,
637 796 700 832 mox
718 780 775 835 sine
793 780 853 849 lege
870 780 966 850 pudor.

11 871 13 876 ’
68 867 150 944 Quae
183 867 262 931 vitia
292 887 372 931 auro
403 868 515 931 effecta
544 867 710 931 verbosius
739 869 854 949 exponi
884 868 1089 951 anthologiae
1111 872 1232 936 latinae

63 967 203 1029 carmine
225 967 287 1030 649
308 971 418 1030 monet
441 986 491 1030 ine
515 967 641 1030 Birlius.

140 1065 257 1146 Neque
275 1066 325 1129 vel
342 1066 401 1148 ipsi
417 1066 506 1129 diviti
525 1085 639 1131 aurum
658 1067 788 1130 beatam
805 1071 864 1131 aut
878 1068 996 1132 laetam
1012 1069 1111 1132 vitam
1129 1070 1232 1147 affert,

57 1165 83 1227 si
112 1165 248 1245 quidem
275 1184 352 1228 vera
381 1164 491 1229 dicunt
521 1169 685 1237 amantes,
718 1168 774 1230 sed
807 1186 900 1231 curas
930 1172 961 1231 et
993 1168 1232 1232 sollicitudines,

57 1264 109 1326 Sic
131 1267 332 1327 mercatores
355 1263 503 1346 impellit,
534 1261 569 1326 ut
594 1283 694 1329 naves
718 1268 935 1332 conscendant
959 1274 990 1332 et
1012 1268 1112 1333 vitam
1135 1274 1233 1351 atque

55 1362 144 1426 bona
161 1362 292 1426 incertis
305 1362 407 1426 ventis
424 1363 565 1427 tradant.
607 1364 702 1429 Tales
720 1368 896 1431 sententias
912 1367 1053 1433 invenies
1072 1367 1122 1431 his
1138 1368 1232 1432 locis:

93 1460 249 1529 Antiphan.
266 1460 321 1529 frg.
340 1461 399 1528 270,
420 1460 453 1513 K.
473 1460 498 1512 ll
517 1479 544 1530 p.
566 1461 616 1514 123

257 1540 290 1597 τὰ
309 1540 418 1617 πονηρὰ
438 1539 520 1616 κέρδη
544 1541 592 1605 τὰς
611 1545 666 1616 μὲν
686 1540 785 1617 ἡδονὰς
805 1547 862 1619 ἔχει

253 1624 366 1702 μικράς,
386 1627 485 1684 ἔπειτα
504 1631 531 1683 δ’
552 1625 668 1704 ὕστερον
686 1628 774 1693 λιῖπας
792 1630 911 1705 μακράς.

92 1717 176 1772 Ovid.
195 1733 281 1771 amor.
301 1718 313 1771 I
335 1717 375 1781 10,
385 1717 418 1771 48

255 1821 310 1858 non
329 1801 414 1858 habet
432 1805 545 1857 eventus
567 1801 676 1855 sordida
693 1803 796 1871 praeda
814 1803 907 1859 bonos.

92 1889 244 1946 Menandri
262 1889 315 1958 frg.
334 1889 393 1958 643,
416 1889 448 1943 K.
467 1888 506 1942 ΙΙΙ
525 1907 552 1958 p.
574 1888 622 1941 190

254 1971 288 2028 τὰ
305 1969 416 2047 μεγαλα
436 1968 520 2048 κέρδη
539 1974 638 2047 ῥαδίως
659 1970 838 2044 ἢπλοοσίοος

256 2057 323 2121 τοὺς
339 2056 500 2135 παραβόλως
518 2055 653 2120 πλέοντας
674 2056 690 2131 ἢ
709 2056 827 2130 νεκροὺς
845 2068 931 2116 ποιεῖ.

94 2148 269 2218 Antiphanis
285 2148 337 2218 frg.
360 2149 415 2213 151,
435 2149 467 2202 K.
487 2149 511 2201 ΙΙ
528 2165 554 2216 p.
575 2147 608 2201 73

256 2235 303 2287 ἐπὶ
316 2227 460 2306 χρήμασιν
478 2233 505 2285 cl'
523 2228 562 2286 ὧν
580 2229 703 2304 ἔμπορος
723 2237 824 2304 φρονεῖ
838 2225 923 2302 μέγα,

255 2307 295 2374 οἷν
313 2322 370 2375 ἐστι
389 2313 502 2374 πάντων
521 2321 604 2374 ἐνίοτ’
624 2317 728 2390 ἄνεμος
746 2313 851 2391 κε’ριοε.

91 2411 177 2478 Prop.
196 2409 234 2461 lll
254 2409 279 2476 7,
289 2407 323 2460 35
332 2425 390 2476 sqq.

256 2497 400 2549 ventorum
419 2498 460 2548 est
478 2493 667 2562 quodcumque
685 2507 780 2560 paras:
808 2488 880 2542 haud
899 2488 957 2542 ulla
974 2487 1069 2541 carina

306 2579 456 2647 consenuit,
476 2578 550 2633 fallit
568 2580 664 2647 portus
682 2579 710 2630 et
728 2575 785 2645 ipsa
802 2574 891 2637 fidem,

253 2669 353 2721 natura
371 2665 503 2720 insidians
521 2668 637 2735 pontum
656 2662 806 2718 substravit
824 2663 924 2716 avaris.

94 2753 479 2822 &mmmflmfflm

255 2842 371 2907 quaerat
388 2857 486 2894 avarus
504 2854 567 2907 opes
586 2840 622 2896 et,
641 2851 712 2904 quae
731 2833 840 2888 lassarit
860 2831 972 2894 arando,

308 2943 428 2995 aequora
444 2924 554 2995 periuro
572 2922 723 2990 naufragus
743 2937 789 2974 ore
807 2918 893 2974 bibat.

147 3012 268 3077 Contra
291 3013 424 3077 inertem
447 3014 670 3095 paupertatem
693 3013 726 3072 et
744 3027 877 3072 auream
895 3007 1148 3071 mediocritatem
1166 3009 1229 3072 iam

59 3116 91 3178 in
116 3113 253 3192 mediae,
276 3133 360 3195 quae
383 3114 490 3190 fertur,
514 3110 699 3175 comoediae
715 3107 902 3188 fragmentis
918 3107 1045 3189 saepius
1062 3108 1229 3173 laudatam

60 3215 226 3278 videmus:

93 3309 266 3380 Antiphanis
283 3309 335 3380 frg.
354 3309 413 3374 258,
432 3310 465 3362 K.
484 3311 508 3362 ll
527 3327 553 3378 p.
577 3308 626 3361 120

255 3394 344 3456 καλῶς
360 3395 500 3448 πένεσθαι
518 3394 624 3466 μᾶλλον
641 3390 659 3460 ἢ
678 3395 810 3447 πλουτεῖν
830 3392 928 3452 κακοῖς.

256 3477 358 3551 τὸμὲν
375 3477 431 3552 γὰρ
450 3477 539 3543 ἔλεον,
559 3475 589 3532 τὸ
610 3477 640 3532 ‹l'
659 3480 821 3553 ἐπιτίμησιν
837 3481 925 3553 φέρει.

97 3568 225 3624 Alexidis
242 3567 295 3635 frg.
315 3569 374 3631 216,
392 3568 424 3622 Κ.
445 3567 471 3620 11
490 3586 517 3637 p.
536 3568 586 3621 376

257 3651 294 3714 οἷς
312 3649 362 3726 ἤδη)
381 3654 440 3707 πᾶν
459 3648 488 3706 τὸ
509 3649 635 3726 με’τριον.
665 3650 727 3705 οὔθ’
748 3645 916 3722 ὖπεργέμιον

243 3734 416 3813 ιάπὲρχομαι
436 3740 487 3793 νῦν
506 3737 570 3793 οὔτε
589 3734 679 3801 κενός,
697 3739 750 3790 ἀλλ’
772 3732 855 3808 ἡδέως

260 3826 331 3901 ἔχων
349 3826 480 3900 ἐμαυτοῦ.
507 3828 672 3896 Μνησίθεος
691 3823 745 3896 γάρ
765 3844 832 3895 φησι
851 3824 910 3877 δεῖν

261 3910 384 3985 φεύγειν
402 3907 533 3966 ἁπάντων
552 3910 602 3972 τὰς
621 3906 773 3982 ὑπερβολὰς
792 3913 843 3964 ἀεί.

93 4003 229 4060 Eiusdem
246 4002 298 4072 ng.
318 4002 376 4065 ase,
394 4001 428 4054 u.
446 4001 469 4053 n
488 4019 514 4069 p.
534 3999 584 4054 asa

258 4083 291 4140 τὰ
312 4081 429 4159 περιττὰ
447 4085 528 4158 μισοῖ.
556 4092 614 4144 τοῖς
633 4077 832 4154 ὑπερβάλλουσι
851 4077 906 4153 γὰρ

256 4166 539 4245 δαπάνηπρόσεστιν,
560 4166 643 4242 aldono*
666 4171 691 4221 d'
713 4168 768 4221 οὐδ’
790 4162 911 4238 ἡτισοῦν.
