2910 4920
574 77 779 140 -65-

142 253 211 328 pules
226 252 255 316 in
275 253 471 318 carminibus
490 255 555 323 suis
576 276 681 338 agere.
733 255 791 321 Cui
815 256 957 338 opinioni
979 258 1132 340 exemplis
1154 258 1262 324 allatis

140 347 201 414 lden
218 352 329 418 faciam
351 357 488 435 oportet.
530 356 742 421 Lamentatur
763 376 840 438 ergo
862 357 1059 436 adulescens,
1083 359 1139 442 qui
1157 359 1260 424 multa

140 465 231 516 ulnera
267 453 385 517 frustra
420 456 632 537 consumpsit,
666 455 716 519 his
745 457 851 521 verbis
881 457 914 521 in
936 456 1087 522 Timoclis
1119 458 1264 525 Neaerae

140 546 213 628 ορ.
230 553 277 630 ss,
301 553 341 618 n.
362 553 388 616 u
412 572 441 634 p.
462 553 525 618 con

509 647 567 703 ἀλλ’
585 644 701 720 ἔγωγ’ὅ
728 647 861 724 δυστυχὴς

271 773 275 777 -
292 735 409 809 Φρύνης
427 734 566 810 ἐρασθείς,
587 731 660 808 ἡνίκ’
680 737 722 791 ἔτι
742 734 792 808 τὴν
811 736 957 812 κάππαριν

288 823 441 892 συνέλεγεν
459 820 534 877 οὔπω
554 819 577 876 τ’
597 820 680 896 εἶχεν,
700 818 804 896 ὅσαπερ
823 823 875 878 νῦν
894 824 961 897 ἔχει,

288 905 429 977 πάμπολλ’
447 905 602 964 α’ναλίοκων
621 907 666 978 ἐφ’
687 908 791 983 ἑκάστῳ
811 910 860 981 τῆς
879 909 971 983 θύρας

289 991 480 1070 α’πεκλῃόμρν,

157 1078 209 1134 stin
225 1081 315 1136 Plauti
336 1080 463 1136 Asinaria
483 1081 532 1136 135
542 1099 600 1150 sqq.

593 1167 638 1222 hic
656 1166 728 1222 elavi
747 1165 832 1220 bonis.

201 1251 308 1323 ingrato.
325 1255 409 1321 atque
427 1252 507 1308 irrito
524 1269 580 1309 esse
598 1253 693 1308 omnia
710 1253 849 1322 intellego,

201 1357 266 1408 quse
284 1340 347 1395 dedi
365 1343 394 1394 et
412 1341 486 1409 quod
505 1340 574 1395 bene
592 1339 652 1409 feci,
672 1343 702 1394 st
718 1340 834 1410 posthac
851 1339 906 1394 tibi

202 1428 268 1482 mule
287 1426 361 1496 quod
380 1430 476 1497 potero
495 1427 592 1490 facere,
612 1425 711 1481 faciam
731 1425 884 1494 meritoque
905 1425 934 1479 id
950 1426 1050 1480 faciam
1069 1430 1126 1482 tuo.

205 1529 252 1580 ego
269 1515 317 1584 pol
334 1517 362 1569 te
380 1513 503 1584 redigam
521 1513 627 1582 codem,
645 1513 716 1566 unde
736 1515 798 1566 orta
815 1530 851 1572 es,
870 1512 906 1566 ad
924 1511 1054 1581 egestatis
1072 1513 1211 1568 terminos.

128 1599 209 1693 Neque
238 1639 313 1683 vero
345 1619 458 1683 melius
492 1617 630 1700 Cynthia
663 1617 832 1699 Propertio
870 1617 1019 1682 meritam
1055 1617 1263 1700 debitamque

10 1712 59 1842 ἐν
126 1715 232 1782 sutiam
252 1719 357 1796 refert,
378 1738 454 1782 nam
477 1718 529 1781 hic
551 1718 628 1781 dicit
649 1718 721 1795 118,
744 1719 777 1780 ll
800 1737 846 1799 sq.

287 1834 402 1871 munera
419 1819 525 1885 quanta
544 1816 608 1871 dedi
627 1817 669 1870 vel
687 1816 781 1885 qualia
799 1814 922 1871 carmina
940 1813 1012 1869 foci!

348 1903 396 1958 illa
413 1907 507 1958 tamen
526 1920 678 1971 numquam
697 1903 785 1958 ferrea
803 1902 874 1956 dixit
890 1897 979 1956 ‘amo’.

116 1984 140 2052 Ei
161 2001 288 2073 Ovidius
309 2008 424 2073 suadet
443 2008 557 2073 infelici
580 2008 716 2073 curatori
737 2008 856 2072 remed.
880 2009 938 2072 301
958 2026 1028 2088 sqq.

288 2123 368 2177 saepe
387 2107 458 2162 refer
476 2110 565 2161 tecum
585 2108 733 2162 sceleratos
751 2107 826 2161 facto
844 2105 952 2174 puellae

350 2197 378 2249 et
396 2211 469 2264 pone
486 2197 552 2248 ante
570 2194 660 2248 oculos
678 2193 771 2248 omnis
788 2193 890 2248 domno
907 2195 983 2246 tuos:

233 2283 237 2292 ’
288 2276 365 2333 ‘illud
382 2283 411 2335 et
427 2279 495 2334 illud
513 2279 599 2335 habet
617 2297 666 2335 nec
685 2296 717 2334 ea
737 2282 868 2334 contento
885 2276 1023 2348 rapinast3

350 2365 400 2418 sub
416 2365 530 2420 titulum
548 2370 654 2421 nostros
672 2366 748 2420 misit
764 2383 849 2420 avam
866 2365 960 2427 Lures3

288 2451 328 2505 sio
346 2451 416 2505 mihi
429 2452 546 2516 iuravit,
565 2453 603 2506 sio
619 2470 663 2508 me
682 2453 774 2507 iurata
792 2451 897 2519 fefellit,

349 2542 414 2593 onte
432 2556 493 2592 suas
513 2538 638 2606 quotiens
656 2557 736 2608 possa
752 2539 840 2593 iacere
858 2538 937 2600 fores,

287 2623 381 2694 diligit
398 2624 459 2695 ipss.
477 2624 552 2693 ulios,
571 2643 587 2679 a
604 2642 649 2679 me
666 2625 774 2679 fastidit
792 2622 893 2679 amori:

340 2710 458 2781 institor,
475 2711 542 2766 heu!
552 2715 654 2782 noctes,
670 2729 737 2781 quos
747 2711 817 2764 mihi
826 2728 882 2765 non
892 2711 948 2773 dat,
959 2704 1068 2763 hubetl’

85 2784 285 2880 Diniarchus
306 2836 402 2898 porro
424 2817 589 2881 narratio
611 2817 716 2881 Plauti
737 2816 932 2881 Truculento
955 2817 995 2879 79
1010 2834 1080 2896 sqq.
1183 2862 1186 2868 Α

240 2933 305 2970 nom
324 2933 369 2971 me
385 2915 468 2970 fuisse
486 2915 549 2969 huic
568 2916 657 2970 fateor
674 2933 811 2969 summum
828 2918 912 2982 atquo
930 2912 1069 2975 intimum,

238 3002 311 3070 quod
329 3001 449 3056 amantis
467 3002 554 3056 multo
572 3001 720 3071 pessimum
739 3004 780 3056 est
797 3000 943 3070 pecuniam

238 3086 333 3142 eadem
352 3090 497 3158 postquam
516 3086 601 3142 ulium
619 3088 751 3158 repperit,
770 3088 818 3156 qui
836 3089 896 3158 plus
913 3087 1000 3151 daret,

238 3173 447 3237 damnosiorem,
466 3176 482 3240 †
500 3173 569 3227 mihi
587 3172 685 3229 exinde
700 3174 828 3228 immovit
845 3175 914 3229 1000.

10 3352 13 3361 Ι
73 3241 186 3340 Quae
205 3279 314 3343 omnia
336 3279 402 3343 fere
429 3278 474 3342 ita
497 3278 616 3360 profert
646 3279 800 3361 spoliatus
829 3282 955 3344 amator
977 3277 1009 3339 in
1031 3274 1163 3339 Luciani
1185 3273 1259 3337 dial.

71 3359 173 3466 [uer.
194 3377 263 3442 xlv
288 3380 303 3442 1
335 3381 394 3441 νῦν
423 3401 464 3457 με
493 3377 693 3456 οἶποκλείεις,
728 3367 953 3458 οῗΜυρτάλη,
985 3380 1059 3454 νῦν,
1082 3371 1139 3437 ὅτε
1162 3379 1261 3453 πένης

70 3464 249 3570 εἷενόμην
271 3476 328 3539 διαὶ
351 3485 406 3557 σέ,
437 3473 494 3540 ὅτε
516 3477 556 3539 δέ
576 3494 628 3540 σοι
649 3478 691 3539 τοὶ
721 3480 868 3541 τοσαῦτα
896 3473 1061 3555 ἐκόμιζον,
1091 3471 1259 3552 ἐρώμενος,

69 3567 186 3655 οη’ἥρ
207 3574 383 3661 δεσπότης,
407 3578 504 3640 πάντ’
525 3567 565 3663 ἦν
587 3574 664 3658 ἐγώ·
690 3579 762 3639 ἐπεὶ
786 3577 815 3637 δ’
835 3577 896 3655 ἐγώ
912 3581 973 3656 μὲν
989 3565 1065 3646 αὖος
1086 3569 1150 3655 ἤδη
1172 3572 1258 3649 α’κρε-

69 3651 170 3750 3063,
190 3677 230 3743 ori
253 3679 291 3741 δὲ
312 3679 372 3741 τόν
386 3680 537 3740 Βιθυνὸν
559 3680 703 3757 ἔμπορον
721 3674 855 3760 εὕρηκας
870 3673 1021 3757 ἐραστήν,
1043 3671 1260 3749 ἀποκλείομαι

70 3764 160 3828 μὲν
186 3779 246 3859 s’yci
284 3777 338 3839 καὶ
371 3779 436 3857 πρὸ
476 3781 542 3840 τῶν
577 3780 690 3855 θυρῶν
722 3777 842 3858 ἕστηκα
875 3772 1024 3855 δακρύων
1056 3793 1121 3854 eqS.
1176 3769 1257 3834 Cum

69 3841 252 3943 Lucianus
285 3878 459 3943 certissime
491 3897 557 3941 non
590 3896 629 3940 ex
661 3877 793 3953 Plauto,
826 3878 883 3940 sed
911 3896 949 3938 ex
984 3873 1113 3937 comicis
1146 3869 1259 3935 Atticis

1061 3979 1077 4032 5
