2910 4920
538 361 743 425 ..57-

254 553 333 591 curas
351 540 379 592 et
396 555 525 592 arcanum
545 539 634 594 iocoso

253 625 396 679 consilium
413 625 515 694 retegis
532 625 632 696 Lyaeo,

253 718 285 768 tu
303 729 378 784 spem
396 712 501 768 reducis
518 714 656 770 mentibus
674 717 762 771 anxiis

254 801 379 870 viresque
396 804 425 856 et
442 800 520 856 addis
532 819 635 858 cornua
647 805 763 874 pauperi
780 823 835 875 eqs.

97 908 194 962 Tibull.
216 905 225 958 l
246 906 270 968 l,
281 906 315 959 39
328 922 386 973 sqq.

255 991 377 1047 Bacchus
395 995 424 1046 et
439 990 575 1060 agricolae
591 1008 692 1062 magno
710 994 836 1049 confecta
854 994 947 1050 labore

306 1081 418 1149 pectora
435 1078 565 1134 tristitiae
583 1078 755 1135 dissoluenda
772 1081 857 1136 dedit.

256 1166 377 1221 Bacchus
391 1170 419 1222 et
432 1166 548 1222 adflictis
560 1167 681 1236 requiem
703 1170 864 1225 mortalibus
876 1170 958 1226 affert
975 1189 1030 1240 eqs.

142 1272 351 1336 Amatoribus
372 1275 499 1350 autern,
533 1274 586 1355 qui
617 1275 650 1339 in
672 1275 769 1356 elegis
798 1275 917 1340 amoris
938 1275 1046 1356 ignem
1077 1275 1152 1338 vino
1173 1293 1227 1336 ex-

50 1375 206 1454 tinguere
236 1363 411 1451 conantur,
445 1393 511 1438 non
540 1376 636 1439 modo
664 1375 912 1461 non-auxilium
934 1377 1010 1453 fert,
1043 1375 1099 1440 sed
1128 1373 1227 1437 etiam

54 1475 220 1556 cupidinis
239 1475 387 1539 ardorem
403 1475 506 1556 magis
526 1477 683 1540 accendit.
699 1476 720 1559 ¹)
751 1478 856 1555 Quam
872 1497 939 1541 rem
959 1476 1226 1558 praetermittam,

54 1595 137 1639 cum
159 1594 297 1656 persona
318 1574 441 1639 iuvenis
463 1576 616 1654 amantis,
649 1577 704 1659 qui
733 1578 871 1643 furorem
903 1579 1022 1643 frustra
1048 1577 1123 1640 vino
1153 1595 1228 1656 pro·

54 1677 181 1759 pellere
203 1677 291 1754 vult,
320 1677 353 1739 in
383 1676 570 1758 fragmentis
594 1681 632 1741 et
663 1678 779 1743 fabulis
799 1680 949 1757 servatiS,
981 1678 1070 1760 quod
1097 1675 1227 1758 quidem

55 1779 172 1855 sciam,
189 1797 253 1840 non
271 1781 433 1853 occurrat3
449 1797 649 1860 quamquam
668 1780 748 1843 tales
761 1779 891 1844 iuvenes
907 1777 1066 1844 aBaccho
1078 1778 1229 1859 deceptos

56 1880 128 1942 iam
166 1878 197 1942 in
231 1876 477 1941 Atheniensium
510 1898 639 1942 scenam
672 1880 846 1960 productos
877 1900 944 1944 esse
977 1878 1120 1953 confido,
1151 1897 1227 1940 nam

58 1978 211 2043 Bacchus
231 1978 340 2043 multis
362 1979 556 2043 comicorum
581 1980 674 2058 locis,
697 1982 737 2044 de
759 1982 876 2062 quibus
898 2000 985 2045 nunc
1007 1999 1113 2060 agam,
1137 1977 1228 2060 quasi

59 2078 195 2143 Veneris
225 2079 354 2144 adiutor
382 2086 414 2143 et
443 2081 547 2144 socius
580 2087 731 2162 apparet,
762 2082 848 2145 velut
870 2082 900 2145 in
920 2079 1117 2162 Antiphanis
1137 2077 1229 2141 Aeoli

58 2181 176 2260 fragm.
202 2182 248 2257 18,
262 2181 290 2256 3,
312 2180 348 2243 Κ.
371 2178 398 2244 fl
420 2201 450 2261 p.
476 2181 512 2244 17

547 2274 607 2332 εἶτα
626 2281 792 2349 παραλαβών
810 2298 879 2332 ποτε

256 2363 333 2419 οἶνον
351 2369 513 2437 στρατηγόν,
534 2361 563 2426 ὃς
581 2368 666 2438 μόνος
685 2365 798 2436 θνητῶν
816 2363 882 2434 ἄγει

256 2448 307 2523 τὴν
326 2455 430 2526 τόλμαν
448 2451 488 2513 εἰς
507 2448 537 2506 τὸ
556 2456 664 2526 πρόσθε
683 2453 731 2524 τῆς
751 2449 902 2521 εὐβουλίας,

259 2545 363 2614 νύκτωρ
387 2535 507 2600 druensis
526 2539 631 2612 ἔτυχεν,
650 2526 688 2594 ὧν
707 2536 841 2610 ἐβούλετο.

59 2651 153 2704 Plaut.
171 2646 240 2701 Rud.
260 2646 311 2699 566

210 2734 255 2786 vel
273 2748 323 2802 ego
342 2747 435 2786 amare
453 2728 585 2782 utramvis
602 2745 719 2798 possum,
737 2727 761 2781 si
778 2728 863 2796 probe
882 2728 999 2796 adpotus
1016 2725 1091 2782 siem.
1185 2778 1186 2782 ,

58 2826 97 2890 ln
120 2821 260 2886 Terentii
283 2819 438 2885 Eunucho
463 2818 539 2881 dicit
561 2817 748 2893 adulescens
771 2815 878 2880 ebrius
898 2816 1073 2879 meretricis
1095 2815 1230 2879 ancillae

58 2947 90 2990 v.
118 2922 179 2988 730
190 2942 259 3004 sqq.

383 3015 453 3080 vah,
479 3019 583 3084 quanto
602 3033 675 3069 nunc
693 3015 838 3069 formosior

262 3105 355 3159 videre
373 3103 443 3156 mihi
460 3121 544 3172 quam
565 3103 685 3157 dudum!

59 3217 121 3283 Illa
146 3218 255 3279 autem
278 3210 473 3275 hoc-vinum
498 3211 638 3275 effecisse
661 3211 869 3286 demonstrat,
893 3228 965 3272 curn
987 3206 1175 3289 respondet:

259 3315 333 3366 certo
350 3314 381 3364 tu
400 3310 511 3379 quidem
529 3310 575 3379 pol
594 3310 681 3363 multo
704 3309 826 3363 hilarior.

58 3417 124 3483 Cui
146 3437 302 3499 responso
323 3417 511 3482 adulescens
530 3416 710 3491 assentitur,
732 3434 808 3478 nam
833 3415 927 3477 dicit:

118 3516 232 3571 verbum
251 3517 342 3572 hercle
360 3516 413 3571 hoc
430 3532 523 3570 vemm
540 3514 593 3569 erit
610 3508 679 3568 ‘sine
697 3514 793 3568 (terere
811 3515 840 3566 et
859 3511 955 3566 Libero
972 3511 1057 3579 friget
1074 3503 1184 3563 Venns’.

62 3604 240 3670 verbosius
261 3625 338 3669 vero
360 3605 491 3686 exponit
510 3603 623 3667 eadem
642 3602 784 3679 Ovidius,
807 3602 862 3684 qui
884 3601 977 3666 simul
993 3598 1233 3664 consensionem

138 3829 161 3891 t)
184 3825 285 3880 Tibull.
304 3825 317 3878 Ι
336 3825 384 3893 2,1
398 3843 457 3894 sqq.
479 3826 578 3881 Tibull.
599 3825 611 3878 I
631 3827 654 3887 5,
666 3826 698 3879 37
710 3844 768 3894 sqq.
788 3824 887 3878 libull.
906 3823 946 3877 Ill
965 3823 1083 3889 6,lsqq.
1102 3819 1181 3888 Prop.
1200 3819 1236 3872 Ill

60 3915 204 3981 17,1sqq.
224 3911 302 3966 Ovid.
323 3912 428 3967 heroid.
449 3913 498 3966 XV
520 3914 603 3980 (XVI)
622 3914 721 3982 229sq.
742 3912 811 3965 Ovid
838 3910 1000 3966 remed.805
1009 3926 1060 3976 sqq
1087 3905 1235 3976 Asclepiud.

58 4002 144 4058 anth.
164 4000 222 4054 Pal.
241 3999 294 4052 Xll
313 4000 355 4054 50.
397 4001 534 4070 Meleager
554 4001 629 4055 anth.
651 4001 706 4054 Pal.
726 4001 835 4054 xt149.
872 3997 1021 4066 Alciphron
1042 3995 1119 4065 epist.
1140 3996 1150 4048 Ι
1171 3995 1236 4057 35,2

59 4092 181 4146 fortene
205 4086 338 4141 comicum
362 4088 498 4155 quendam
522 4088 656 4141 imitatur.
692 4087 731 4141 Cf.
750 4088 912 4146 Volkmann,
937 4083 1029 4138 studia
1046 4082 1238 4151 Alciphronea.

58 4174 215 4232 Vratislav.
236 4173 312 4239 1886,
330 4192 357 4244 p.
376 4175 477 4243 23sqq.
