2910 4920
624 284 826 349 „18-

140 462 239 526 modo
268 461 301 524 hi
327 461 397 525 illos
424 461 524 525 secuti
554 461 626 526 sint.
678 461 810 526 Relictis
838 462 936 543 igitur
965 462 1049 527 deis
1082 463 1130 527 ad
1156 461 1300 528 homiues

134 566 323 626 amantes
352 561 605 642 progrediamur.
649 561 754 626 Plauti
777 562 862 625 enim
896 564 929 624 et
954 562 1124 628 Terentii
1150 563 1301 645 vigintisu

134 660 280 739 fabulae,
314 681 398 742 quae
426 660 517 724 nobis
542 663 690 725 servatae
713 664 808 736 sunt,
850 679 964 725 omnes
1000 668 1155 744 praeter
1188 663 1304 746 Captiva

135 761 281 824 homines
314 764 461 824 amantes
493 761 525 824 in
557 780 686 825 scenam
720 761 914 842 producunt.
972 761 1013 825 ln
1062 765 1199 829 maiore
1230 768 1305 828 auten

135 860 317 924 fabularum
347 865 440 943 parte
470 861 652 941 argumenti
682 881 810 924 summa
832 860 897 924 fere
918 860 1005 925 haec
1035 868 1113 936 est,
1152 869 1191 929 ut
1213 863 1305 928 iuvenis

136 959 269 1042 quidam
291 959 376 1023 bono
397 978 513 1040 genere
534 963 624 1023 ortus
646 960 847 1025 meretricem
869 963 969 1036 amet,
994 980 1115 1041 quarn
1147 964 1255 1028 mullis
1270 962 1308 1026 iur

136 1059 327 1140 pedimentis
350 1059 380 1123 vi
403 1064 434 1122 et
456 1059 529 1122 dolo
551 1059 710 1140 superatis
731 1059 864 1123 tandem
893 1059 961 1122 sive
993 1060 1119 1127 lenoni
1149 1065 1220 1129 sive
1240 1062 1310 1128 rivali

137 1158 260 1240 eripiat.
303 1157 442 1235 Puellae,
464 1157 602 1239 quaein
625 1159 799 1222 comoediis
818 1161 981 1235 amantur,
1008 1179 1152 1244 magna
1176 1166 1307 1246 exparte

137 1257 387 1321 meretrices
408 1262 491 1334 sunt,
513 1276 590 1320 nam
613 1257 700 1339 apud
715 1256 872 1321 Plautum
892 1256 1117 1324 solummodo
1142 1263 1179 1326 in
1206 1261 1312 1345 Amphi·

139 1361 272 1433 truone,
296 1356 479 1433 Aulularia,
503 1355 636 1432 Casina,
658 1357 858 1433 Trinummo,
891 1355 1021 1433 Sticho,
1047 1358 1230 1443 Captivis
1251 1360 1313 1443 apul

142 1454 328 1519 Terentium
344 1455 377 1519 in
389 1454 583 1519 Phormione
597 1456 685 1519 nulla
703 1457 852 1520 meretrix
867 1459 1048 1536 comparet.
1091 1461 1220 1544 Itaque
1234 1460 1313 1526 Plauti

143 1559 175 1619 et
188 1555 330 1619 Terentii
353 1554 490 1632 tabulae,
514 1574 587 1617 cum
605 1555 713 1618 Attica
735 1554 931 1635 exenrplaria
953 1554 987 1618 in
1010 1555 1175 1638 linguam
1189 1561 1313 1626 Latinam

144 1654 374 1731 transtulerint,
398 1654 491 1717 nobis
513 1673 643 1718 omnem
667 1655 950 1732 consuetudinem,
970 1673 1080 1734 quam
1107 1659 1315 1725 adulescentes

145 1754 358 1818 Athenienses
386 1773 457 1817 cum
481 1754 703 1818 meretricibus
726 1754 908 1830 habebant,
939 1756 1017 1817 ante
1048 1759 1177 1824 oculos
1202 1764 1315 1843 ponunt

146 1856 291 1936 Itemque
312 1855 408 1917 rebus
431 1855 612 1931 amatoriis,
636 1855 676 1916 de
698 1854 815 1935 quibus
836 1852 970 1931 Tibulli,
1003 1852 1202 1938 Propertii,
1233 1858 1316 1925 Ovidii

147 1954 291 2017 carmina
313 1958 430 2034 agunt,
462 1954 571 2017 subest
603 1973 679 2016 usus
700 1959 732 2017 et
761 1939 1006 2027 commercium,
1038 1959 1141 2035 quod
1166 1960 1317 2024 iuvenibus

146 2053 309 2116 nobilibus
332 2073 404 2116 cum
430 2054 652 2117 meretricibus
676 2057 763 2128 erat,
794 2053 849 2114 sed
872 2053 1013 2135 ipsorum
1037 2061 1244 2135 poetarum,
1271 2078 1317 2122 nou

148 2151 282 2215 aliorum
324 2152 475 2215 iuvenum
517 2172 642 2215 amores
683 2154 734 2216 hic
777 2157 978 2216 enarrantur.
1039 2153 1162 2237 Atque
1201 2161 1319 2233 Deliam,

147 2250 323 2327 Neaeram,
346 2248 528 2332 Cynthiam,
562 2252 735 2316 Corinnam
760 2253 791 2314 in
815 2251 910 2333 elegis
933 2252 1022 2315 haud
1046 2254 1150 2320 aliter
1172 2265 1322 2324 amatores

149 2352 330 2429 excludere,
353 2351 504 2432 spoliare,
527 2351 656 2415 eludere
678 2357 775 2434 atque
798 2371 914 2415 avaras
936 2353 1128 2418 meretrices
1154 2359 1323 2423 Athenien·

149 2451 231 2514 sium
253 2451 286 2514 in
309 2450 483 2514 comoediis
498 2454 610 2532 postea
625 2451 815 2514 videbimus.
858 2451 950 2514 Nunc
970 2471 1046 2515 vero
1064 2455 1233 2536 primum,
1258 2479 1325 2541 que

151 2550 247 2613 modo
279 2550 375 2614 facies
404 2553 435 2613 et
463 2550 670 2631 pulchritudo
702 2555 831 2614 amatae
862 2551 987 2630 puellae
1016 2552 1106 2632 apud
1133 2559 1285 2624 comicos
1303 2562 1327 2622 et

151 2648 306 2729 elegiacos
328 2653 441 2730 poetas
463 2649 666 2730 depingatur,
688 2650 827 2714 breviter
849 2650 1063 2714 adumbrato.

235 2749 414 2812 Audiamus
437 2768 512 2828 ergo
535 2753 696 2812 amatores
719 2749 821 2829 ipsos,
856 2749 910 2830 qui
933 2750 1071 2812 amicam
1096 2771 1199 2818 suam
1226 2774 1332 2821 onmes

153 2847 232 2911 alias
244 2848 391 2911 mulieres
403 2848 724 2929 pulchritudine
736 2849 830 2928 longe
838 2868 991 2937 superare
1002 2853 1210 2920 contendere
1218 2857 1333 2922 solent:

191 2946 278 3000 Plaut.
299 2949 407 3001 Mercat.
430 2948 527 3014 101sq.

650 3050 711 3088 ecce
729 3034 764 3087 ad
783 3050 826 3087 me
846 3034 958 3088 advenit

312 3120 417 3184 mulier,
437 3138 491 3188 qua
509 3121 607 3175 mulier
626 3121 708 3174 aliast
725 3121 800 3174 nulla
817 3121 964 3190 pulchrior.

191 3208 300 3263 Terent.
321 3207 444 3262 Andriae
464 3209 513 3261 189
523 3226 581 3276 sqq.

500 3295 572 3348 forle
590 3313 674 3348 unam
693 3295 795 3364 aspicio
815 3297 1046 3350 adulescentulam

348 3385 437 3437 forma
455 3383 511 3437 So:
530 3383 604 3436 bona
622 3383 744 3437 fortasse.
782 3383 833 3437 Si:
852 3387 881 3437 ct
899 3383 984 3452 voltu,
1004 3383 1088 3452 Sosia,

348 3471 415 3525 adeo
433 3471 565 3539 modeste,
584 3469 651 3524 adeo
671 3473 793 3535 venusto,
815 3474 847 3524 ut
865 3471 905 3524 nil
924 3489 1014 3541 supra.

194 3559 274 3611 Piaut
304 3558 414 3612 Poenul.
434 3559 500 3611 1193

314 3645 384 3699 sicut
402 3661 450 3698 nos
469 3644 550 3698 hodie
568 3643 641 3697 inter
659 3643 728 3696 alias
745 3642 934 3712 praestitimus
953 3641 1167 3711 pulchritudine.

194 3734 304 3787 Terent.
327 3733 447 3785 liunuch.
467 3733 517 3785 296
529 3750 568 3799 sq.

229 3838 245 3872 o
265 3820 366 3874 faciem
386 3819 545 3888 pulchram!
566 3817 641 3872 deleo
660 3831 753 3869 omnes
772 3814 871 3868 dehinc
889 3831 921 3866 ex
937 3813 1030 3866 animo
1043 3810 1186 3866 mulieres:

229 3908 322 3962 taedet
340 3906 552 3961 cottidianarum
572 3904 670 3958 harum
689 3903 847 3956 formarum.

161 4013 283 4077 Similia
306 4017 413 4076 autem
438 4015 564 4074 exstant
585 4008 672 4089 apud
695 4007 897 4087 Propertium
921 4010 952 4069 et
969 4006 1118 4069 Ovidium
1142 4009 1173 4067 et
1193 4005 1338 4071 Graecos

161 4113 452 4178 Alexandrinorum
476 4111 668 4172 imitatores:

181 4340 214 4360 l
