2910 4920
626 303 833 368 ..54-

178 487 306 544 Eiusdem
325 482 377 552 frg.
396 481 455 546 239,
475 480 506 535 Κ.
526 481 549 535 ll
566 500 592 551 p.
613 481 663 535 116

576 629 578 632 ⁴
767 563 831 620 οὐδ’·
853 569 966 622 ἐλύσατο

261 694 263 699 -
296 691 297 694 =
337 657 483 732 πορνίδιον
502 655 564 709 οὐδὲ
583 653 750 727 θυροκοπῶν
770 641 863 710 simler
881 655 970 725 δίκην.

179 746 286 820 Diphili
303 746 356 815 frg.
377 744 435 813 138,
454 743 486 797 Κ.
506 743 532 796 ll
551 761 578 813 p.
598 742 648 797 578

202 839 204 843 “
274 832 277 836 ‘
298 836 301 840 ’
338 834 512 903 θορυκοπεῖν
532 827 579 881 καὶ
597 830 765 901 θοροκοπία.

151 910 166 952 ’ἕ
178 918 322 975 Herondae
340 912 493 970 mimiamb.
512 915 651 984 1163'sqq.

531 998 585 1060 πὺξ
601 1003 733 1073 ἐπλήγην,
753 997 768 1072 ἦ
789 1006 861 1076 θύρη
881 1007 1054 1079 κατήρακται

337 1088 386 1161 τῆς
405 1087 494 1159 οἰκίης
511 1087 573 1161 μέν,
593 1087 641 1158 τῆς
661 1090 743 1142 τελέω
762 1092 858 1162 τρίτην
874 1093 990 1163 μισθόν,

338 1172 372 1230 τὰ
391 1169 524 1248 ὖπὲρθορ’
544 1172 622 1228 ὀπτά.

179 1264 289 1324 Terent
304 1261 420 1327 Adelph.
434 1261 468 1315 88
477 1278 535 1329 sqq.

338 1349 410 1403 fores
429 1346 544 1418 ecfregit
561 1349 644 1415 atque
663 1345 693 1400 in
712 1345 791 1400 aedes
808 1345 890 1399 irruit

340 1434 458 1490 alienes:
477 1433 567 1504 ipsum
584 1433 727 1487 dominum
747 1436 830 1501 atque
849 1448 959 1488 omnem
978 1433 1114 1488 familiam

338 1521 470 1577 mulcavit
488 1537 574 1590 usque
592 1521 627 1575 ad
645 1523 777 1583 mortem
797 1519 899 1590 eripuit
918 1520 1068 1586 mulierem,

179 1633 181 1638 ¹
338 1626 421 1676 quem
438 1608 558 1662 amabat.

177 1694 298 1765 Turpilii
316 1693 509 1764 Thrasyleonis
527 1695 572 1764 lrg
600 1694 635 1758 11,
655 1693 736 1746 Ribb.
754 1711 780 1762 p.
801 1692 865 1762 128Ἰ

285 1775 286 1778 '
337 1798 417 1836 nemo
435 1799 565 1850 umquam
586 1779 655 1834 vidit
673 1779 780 1834 ebrium
798 1779 838 1832 ire
855 1778 978 1834 interdiu

339 1873 428 1936 neque
445 1866 557 1926 turbam
576 1863 665 1921 iecere
683 1882 771 1933 neque
790 1866 860 1920 fores
878 1870 998 1920 exurere.

143 1971 341 2053 Congruenti
373 1975 482 2035 autern
513 1971 639 2035 ratione
668 1971 816 2050 Tibulli„
842 1970 1018 2054 Propertii,
1059 1968 1165 2032 Ovidii
1199 1989 1245 2032 exi

144 2075 306 2136 amatores
324 2071 446 2152 impetu
465 2071 496 2135 in
516 2071 646 2154 ianuam
666 2071 751 2135 sacto
773 2071 815 2135 ad
833 2075 977 2135 amatam
993 2069 1121 2134 admitti
1139 2088 1245 2132 conen

180 2184 448 2254 mmrnnn

340 2288 412 2324 nunc
430 2270 496 2326 levis
514 2275 555 2325 est
573 2271 720 2326 tractanda
739 2272 836 2339 Venus,
856 2270 920 2324 dum
940 2269 1068 2338 frangere
1087 2271 1180 2338 portes

284 2398 286 2401 -
399 2373 454 2411 non
473 2357 559 2427 pudet
576 2361 605 2414 et
621 2359 695 2412 rixas
712 2357 877 2413 conseruisse
895 2357 981 2412 iuvat.

175 2410 462 2512 umentem

341 2530 387 2584 sed
405 2530 518 2585 Veneris
536 2533 603 2584 tunc
621 2529 692 2584 bellu
710 2528 808 2589 celent.
827 2526 973 2594 scissosque
991 2523 1103 2593 capillos

397 2616 501 2671 femina
518 2617 669 2686 perfractas
686 2614 915 2694 conqueriturque
933 2614 1012 2666 fores.
1042 2615 1044 2618 ’

174 2703 392 2783 omnen

337 2806 387 2844 nec
404 2805 467 2844 mea
483 2791 637 2859 praeclusas
653 2787 768 2858 fregerit
785 2786 827 2840 iro
846 2784 924 2839 fores

175 2876 252 2931 Ovid.
272 2879 324 2932 art.
345 2875 436 2930 11171

334 2977 384 3015 nec
399 2963 449 3016 tua
467 2960 610 3033 frangetur
627 2963 762 3014 nocturna
779 2957 864 3011 ianus
881 2953 948 3008 rixa.

173 3046 250 3101 Ovid.
269 3050 319 3102 nrt.
340 3047 379 3100 lll
399 3048 448 3102 567

332 3151 383 3189 nec
402 3135 513 3204 franget
531 3136 621 3204 postes
638 3150 688 3187 nec
707 3131 793 3186 saevis
811 3128 921 3199 ignibus
939 3129 1008 3181 uret.

170 3218 248 3274 Ovid.
274 3221 376 3276 remed.
396 3221 427 3275 31

331 3307 408 3363 effice
424 3310 560 3362 nocturna
577 3305 722 3375 frangatur
739 3301 824 3357 ianua
841 3298 909 3354 rixa.

220 3408 324 3493 Saepe
353 3411 483 3476 iuvenes
514 3411 546 3475 in
566 3411 674 3475 Plauti
704 3414 735 3473 et
764 3408 905 3472 Terentii
935 3405 1050 3472 fabulis
1079 3402 1246 3467 exclusi

136 3509 270 3590 spreti
289 3514 385 3574 ante
402 3510 553 3574 ostium
569 3509 810 3574 meretricis
829 3510 963 3584 stant,
987 3521 1188 3586 quamquam
1208 3522 1243 3566 m

137 3606 223 3671 dona
254 3608 420 3687 dederunt,
451 3612 556 3692 quod
591 3609 768 3674 divitior
799 3611 838 3671 et
871 3607 1036 3688 largior
1065 3604 1218 3670 rivalis

136 3707 387 3788 praefertur.
430 3710 611 3774 Memineris
623 3709 856 3792 PlautiiAsinl
875 3709 1036 3774 eueniet
1048 3712 1076 3785 3,
1099 3710 1231 3774 Trucul.

135 3805 207 3884 118,
239 3808 279 3870 lV
295 3808 331 3883 23
362 3809 503 3873 Terentii
533 3809 676 3872 Eunueh.
701 3811 714 3872 l
739 3811 763 3887 1,
788 3810 828 3872 IV
847 3810 874 3872 7.
937 3810 1108 3873 Praeterea
1137 3811 1245 3874 manif

135 3905 216 3969 tales
233 3926 337 3981 novae
354 3909 540 3973 comoediae
561 3928 674 3973 scenas
692 3909 859 3973 imitantur
877 3910 1036 3973 Lucienus
1051 3909 1126 3972 dial.
1145 3929 1225 3974 mer.
1241 3912 1245 3974 3

134 4006 331 4088 etAlcipliro
343 4007 433 4087 epist.
447 4008 459 4070 l
475 4009 514 4072 27
534 4012 566 4072 et
585 4009 633 4072 35.
681 4007 864 4073 Videbimus
887 4013 996 4074 autem
1021 4009 1180 4089 elegiacos
1196 4030 1245 4092 po

135 4105 296 4170 interdum
329 4106 414 4188 ipsos
446 4106 559 4171 talium
593 4106 802 4189 spoliatorum
840 4113 871 4173 et
910 4109 1110 4173 exclusorum
1154 4110 1245 4174 iuver
