2910 4920
582 277 789 340 ..22-

188 456 251 520 Sed
276 455 386 530 taedet
407 456 459 520 hic
486 475 598 521 ornnes
629 456 811 520 adscribere
833 458 921 521 locos
942 461 1164 523 comicorum
1187 461 1218 522 et
1236 456 1280 518 ele

108 557 275 638 giacorum
297 560 485 637 poetarum,
508 556 626 637 quibus
647 554 772 635 puellae
794 575 868 618 cum
889 557 1019 621 Venere
1044 562 1282 640 comparantur,

108 675 171 733 eoS,
189 675 270 737 quos
286 654 482 731 enumeravi,
506 654 593 718 hisce
613 654 723 733 augeri
738 660 887 735 possunt:
909 655 1017 720 Plaut.
1033 655 1168 721 Cistell.
1182 658 1240 722 313
1249 676 1283 736 sq.

108 755 234 820 Curcul.
261 753 334 829 1923
366 753 516 816 Bacchid.
540 755 617 828 9173
642 754 742 816 Stich.
767 754 843 830 7483
864 754 959 836 Prop.
980 756 1008 819 ΙΙ
1028 757 1088 834 28,
1111 759 1152 834 93
1175 757 1283 821 Lucret

108 854 150 918 IV
174 855 270 929 1185;
304 852 397 915 Ovid.
425 856 485 915 art.
517 853 542 915 ΙΙ
574 853 652 932 659;
684 853 804 934 Lydiae
826 855 883 927 683
918 855 1042 919 anthol.
1081 858 1158 921 Pal.
1187 859 1215 922 V
1242 859 1284 931 7⁰,

110 954 134 1016 V
158 955 215 1033 733
235 951 429 1016 Aristaenet.
448 952 538 1033 epist.
559 952 571 1015 Ι
590 953 679 1028 7,19.
725 955 793 1017 Iam
817 974 876 1035 pro
898 973 1053 1019 concesso
1081 957 1200 1023 habeo
1221 959 1286 1022 tales

108 1053 283 1118 sententias
303 1070 342 1114 ex
361 1052 534 1115 comoediis
543 1052 721 1115 Atticorum
735 1053 776 1116 ad
789 1054 895 1136 elegos
903 1055 1157 1122 Alexandrinos
1165 1061 1285 1123 venisse.

190 1150 1286 1235 Porropuellamdignamesse,quaevellovisamore

106 1253 292 1328 fruatur,
321 1250 410 1314 haud
431 1251 529 1314 semel
552 1251 584 1314 in
606 1251 765 1333 Propertii
789 1258 825 1317 et
847 1254 952 1318 Ovidii
976 1258 1193 1325 carminibus
1215 1259 1287 1324 affir-

108 1354 218 1415 matur
236 1373 244 1414 ε

143 1450 225 1519 Prop.
246 1447 272 1502 ΙΙ
292 1448 315 1512 3,
331 1447 412 1517 30sq.

402 1535 529 1591 Romana
547 1538 689 1593 accumbes
706 1539 796 1608 prima
814 1541 908 1608 puella
926 1540 992 1605 lovi,

303 1638 353 1675 nec
371 1639 477 1691 semper
498 1622 639 1677 nobiscum
658 1625 781 1680 humana
799 1627 900 1682 cubilia
918 1627 994 1682 vises.

143 1708 224 1777 Prop.
245 1706 257 1759 1
279 1706 363 1769 1332

304 1792 353 1847 illa
371 1793 427 1847 auis
445 1794 534 1849 verbis
555 1798 638 1863 cogat
656 1813 749 1850 amare
768 1796 870 1850 Iovem.

145 1881 223 1948 Prop.
243 1879 269 1932 ΙΙ
288 1879 339 1948 2,3
353 1897 392 1948 sq.

308 1983 355 2019 cur
373 1967 441 2020 haec
458 1965 487 2018 in
507 1965 587 2020 terris
602 1966 684 2020 facies
703 1967 825 2020 humana
843 1966 987 2021 moratur?

413 2053 537 2122 Iuppiter
555 2052 652 2123 ignoro
670 2052 788 2123 pristina
806 2054 882 2108 furta
899 2057 956 2108 tua.

147 2137 225 2192 Ovid.
245 2156 330 2193 amor.
349 2138 361 2190 I
384 2140 448 2207 10,7
459 2157 497 2207 sq.

410 2225 585 2294 aquilamque
603 2223 632 2276 in
650 2225 679 2277 te
697 2225 862 2290 taurumque
879 2221 1021 2286 timebam,

308 2312 336 2363 et
352 2310 486 2378 quidquid
504 2326 606 2379 magno
624 2309 659 2363 de
677 2310 740 2363 Iove
759 2309 825 2363 fecit
843 2326 930 2362 amor.

149 2393 227 2449 Ovid.
246 2396 349 2450 heroid.
368 2396 422 2450 XV
442 2397 529 2465 (XVI)
549 2397 599 2449 272

413 2501 428 2537 o
447 2483 511 2536 Iove
530 2481 616 2551 digna
639 2481 712 2544 viro,
738 2480 767 2533 ni
785 2482 848 2533 love
866 2481 934 2532 nata
952 2477 1031 2531 soree.

200 2567 272 2631 Hac
295 2589 424 2652 quoque
446 2571 478 2634 in
501 2590 535 2634 re
555 2569 722 2650 Propertio
745 2574 776 2631 et
792 2567 907 2631 Ovidio
924 2564 1167 2631 Alexandrinos
1191 2570 1290 2633 facem

116 2666 304 2746 praetulisse
331 2670 507 2734 admodum
538 2670 688 2733 credibile
711 2672 773 2743 est,
808 2686 880 2729 cum
904 2666 995 2730 nobis
1024 2666 1056 2728 in
1079 2667 1292 2749 anthologiae
1325 2730 1327 2735 .

115 2765 284 2831 Palatinae
315 2769 435 2833 lusibus
465 2769 546 2833 haec
576 2774 759 2832 amatorum
781 2768 881 2831 verba
910 2769 1098 2830 occurrant:

151 2864 281 2920 Palladac
298 2866 384 2936 epigr.
403 2867 509 2922 anthol.
530 2868 579 2921 Pal
599 2867 621 2917 V
640 2867 690 2920 257

312 2952 364 3006 νῦν
382 2952 602 3023 καταγιγνώσκω
622 2951 736 3006 καὶτοῦ
755 2947 822 3010 Διὸς
840 2944 876 3009 ὥς
896 2944 1059 3020 draptiaco,

419 3038 458 3112 μὴ
478 3039 722 3112 μεταβαλλομένου
741 3037 787 3108 τῆς
805 3034 924 3109 σοβαρᾶς
942 3033 1039 3087 ἕνεκα·

314 3121 379 3179 οὔτε
397 3123 451 3199 γὰρ
470 3121 617 3200 Εὐρώπης,
637 3122 668 3178 οὗ
688 3124 736 3195 τῆς
754 3122 867 3194 Δανάης
884 3123 950 3196 περὶ
968 3118 1066 3179 κάλλος

422 3207 486 3264 οὔθ’
505 3206 611 3282 ἁπαλῆς
629 3210 722 3283 Λήδης
741 3205 795 3262 ἐστ’
815 3207 1030 3278 ἀπολειπομένη.

155 3293 290 3350 Leonidae
308 3297 394 3367 epigr.
416 3298 519 3352 anthol.
538 3299 594 3352 Pal.
615 3298 665 3352 XlI
685 3298 726 3360 20,
737 3298 752 3351 3
763 3315 802 3365 sq.

319 3382 418 3455 θαῦμα
441 3379 505 3458 γὰρ,
529 3383 554 3437 εἰ
573 3386 750 3458 Περίανδρον
769 3380 834 3436 ἰδὼν
853 3379 902 3454 οὐχ
921 3376 1027 3453 ἥρπασε
1045 3382 1129 3450 γαίης

422 3466 470 3524 τὸν
487 3469 583 3524 καλόν·
606 3467 622 3542 ἢ
641 3468 775 3538 φιλόπαις
794 3466 889 3522 οὐκέτι
909 3467 960 3522 νῦν
978 3461 992 3519 ὅ
1012 3468 1086 3525 θεὸς.
1098 3468 1116 3532 ¹)

127 3550 353 3620 Alexandrinis
382 3564 489 3622 autem
521 3579 631 3622 rursus
660 3559 773 3622 comici
812 3561 927 3639 poetae
953 3556 1177 3638 praeiverunt,
1216 3574 1291 3618 nam

121 3651 209 3731 apud
230 3652 384 3720 Plautum
406 3658 540 3739 legimus

160 3751 272 3810 Poenul.
292 3757 359 3811 1219
372 3774 411 3825 aq.

539 3840 580 3893 ita
598 3857 642 3892 me
660 3839 688 3891 di
708 3839 849 3903 amabunt,
868 3840 900 3891 ul
917 3853 978 3905 eg0,
997 3836 1019 3888 si
1038 3835 1089 3888 sim
1108 3834 1242 3905 Iuppiter,

191 3928 247 3982 iam
267 3928 357 3982 hercle
375 3944 425 3996 ego
445 3927 520 3981 illam
539 3942 652 3979 uxorem
671 3925 768 3979 ducam
788 3929 816 3979 et
837 3925 966 3978 lunonem
986 3921 1129 3976 extrudam
1148 3922 1231 3976 forae.

196 4096 220 4166 l)
241 4096 280 4150 cf.
301 4096 376 4159 Otto,
394 4096 434 4150 De
454 4094 555 4149 fabulis
574 4094 760 4163 Propertianis
780 4095 812 4162 ll,
832 4093 1031 4162 (dress-Glogau
1053 4091 1127 4152 1886,
1146 4109 1173 4159 p.
1193 4094 1217 4145 6.
