2910 4920
706 357 746 369 -
788 321 911 411 82⁸-

223 503 393 582 argentum
419 499 542 563 aflerat.
591 499 714 564 Audias
737 501 821 564 enim
842 499 954 563 matris
983 503 1014 561 et
1036 498 1120 562 filiae
1143 496 1338 577 colloquium
1363 495 1393 558 in
1444 568 1449 574 ,

221 599 354 664 [luciani
370 599 443 662 dial.
460 618 537 662 mer.
558 599 633 663 Vl4
655 599 814 678 Κόριιϊαι
835 597 910 662 εἰπέ
930 622 994 678 μοι,
1018 600 1041 658 oi
1064 602 1177 680 μῆτερ,
1200 595 1229 656 οἱ
1252 593 1394 674 μισθοδ·

221 722 313 779 μενοι
342 695 467 770 πάντες
497 700 640 759 τοιοῦτοί
669 697 751 762 εἰσιν
780 690 845 772 οἷος
876 697 893 762 ὁ
922 693 1093 777 Εὔκριτος,
1131 697 1209 775 μεθ’
1239 683 1280 757 οὗ
1315 700 1395 775 χθὲς
1448 685 1449 692 ¹

223 797 427 874 ἐκάθευδονς
457 794 631 880 Κρωβύλῳ
663 799 702 860 ου’
725 799 855 876 πάντες,
886 798 956 860 ἀλλ’
979 799 1056 859 ἔνιοι
1077 802 1138 876 μὲν
1159 796 1332 877 α’μιίνοος,
1368 793 1395 858 οἱ

223 899 261 961 δὲ
276 899 330 960 καὶ
346 893 409 979 ἤδη
426 893 615 975 δι’δρώδεις,
638 896 669 958 οἱ
685 898 791 960 δὲκαὶ
808 897 846 960 οδ
862 895 952 959 πάνυ
964 901 1091 978 μορφῆς
1106 895 1233 977 εὐφυῶς
1257 898 1347 976 ἔχοντ
1356 920 1395 986 ις

225 1005 315 1080 Κορ.;
343 997 396 1058 καὶ
419 993 584 1069 τοιούτους
607 995 846 1076 συγκαθεύδειν·
869 994 998 1083 δεήσεις
1031 1001 1152 1076 Κροιβ.;
1183 995 1341 1076 μάλιστα,
1374 988 1397 1055 oi

191 1134 193 1138 Α
225 1096 380 1177 θύγατερ·
404 1085 494 1158 οὗτοι
516 1106 627 1175 μέντοι
640 1098 693 1158 καὶ
712 1098 850 1160 πλείονα
868 1097 1028 1161 διδόασιν.
1073 1097 1269 1178 Congruenti
1286 1102 1396 1160 aulem

225 1198 349 1262 ratione
380 1196 457 1261 dicit
486 1196 713 1275 Phronesium,
748 1199 892 1279 quaein
922 1197 1028 1262 Plauti
1057 1196 1255 1260 Truculento
1284 1197 1398 1259 rudem

225 1299 313 1362 illum
338 1297 478 1379 quidem,
503 1296 559 1359 sed
582 1297 708 1377 largum
731 1298 904 1378 agricolam
927 1296 1131 1380 amplectitur
1145 1317 1175 1360 v,
1189 1298 1252 1361 934
1272 1295 1400 1378 ‘quam-

226 1417 324 1480 quam
345 1397 397 1460 hic
418 1397 538 1475 horret,
562 1396 659 1460 scitus
682 1402 713 1460 et
735 1397 850 1460 bellust
872 1395 969 1460 mihi’.

226 1497 294 1561 Iam
330 1515 407 1560 vero
438 1494 552 1558 eodem
589 1496 727 1561 tendunt
760 1501 934 1579 praecepta
963 1496 1109 1560 lenarum
1141 1496 1229 1578 apud
1260 1495 1401 1575 Proper-

226 1598 307 1661 tium
328 1600 360 1660 et
382 1594 549 1659 Ovidium:

261 1713 341 1781 Prop.
360 1710 396 1763 IV
415 1709 439 1773 5,
449 1709 484 1763 49
493 1725 552 1777 sqq.

418 1810 469 1848 nec
486 1792 538 1846 tibi
556 1792 701 1862 displiceat
718 1792 796 1846 miles
814 1810 870 1846 non
888 1793 977 1847 faetus
997 1790 1094 1859 amori,

488 1881 575 1933 nauta
592 1895 642 1932 nec
660 1879 758 1933 attrita
775 1879 796 1932 si
816 1881 887 1933 ferat
906 1895 971 1934 aera
989 1895 1081 1941 manu,

422 1970 471 2020 aut
490 1982 605 2034 quorum
624 1965 722 2018 titulus
740 1983 789 2035 per
806 1966 926 2020 barbara
942 1966 1013 2020 colla
1033 1962 1173 2034 pependit.

489 2049 587 2104 caelati
608 2049 697 2103 medio
716 2068 777 2104 cum
796 2049 893 2104 saliere
912 2051 979 2105 foro.

420 2155 518 2192 aurum
536 2139 667 2206 spectato,
687 2153 743 2190 non
762 2155 832 2206 quae
851 2156 947 2192 manus
968 2137 1066 2192 afferat
1085 2153 1194 2191 aurum.

249 2241 344 2296 Ouid.
365 2258 450 2297 amor.
471 2242 482 2292 Ι
500 2240 525 2302 8,
535 2240 569 2292 63
583 2256 621 2306 sq.

424 2343 474 2380 nee
492 2329 531 2389 tu,
549 2325 633 2393 siquis
652 2324 704 2378 erit
721 2323 819 2393 capitis
840 2323 961 2378 mercede
980 2323 1145 2394 redemptus,

492 2410 613 2481 despice:
637 2409 748 2480 gypsati
767 2409 870 2465 crimen
888 2409 971 2464 inane
988 2409 1072 2480 pedis

265 2513 343 2568 Ovid.
362 2518 414 2569 art.
434 2514 527 2566 11276

490 2597 638 2651 dummodo
657 2595 693 2649 sit
711 2595 799 2657 dives,
819 2594 952 2649 barbarus
970 2593 1027 2664 ipse
1046 2594 1143 2663 placet.

231 2702 430 2781 Quibuscum
464 2702 586 2783 optime
619 2701 830 2775 concordant,
864 2719 948 2780 quae
980 2698 1013 2762 in
1044 2697 1234 2762 Philostrati
1267 2697 1410 2779 epistula

203 2799 399 2866 'XXXVIII
422 2801 572 2880 legimus:
606 2797 811 2876 μισθώματα
841 2797 1031 2879 λαμβάνεις.
1070 2796 1124 2858 καὶ
1153 2796 1216 2878 γαρ
1246 2792 1413 2879 ἠΔανάη

231 2899 364 2980 χρυσόν·
388 2899 441 2960 καὶ
461 2896 644 2979 στεφάνους
662 2897 749 2978 δέχῃ·
772 2900 869 2958 τοῦτο
884 2901 946 2975 μὲν
961 2897 1015 2957 καὶ
1025 2893 1207 2978 ’Ἁρτεμιςή
1226 2899 1402 2973 παρθένος

233 2999 287 3061 καὶ
318 3001 464 3078 γεωργοῖς
497 3004 647 3075 παρέχεις
680 2993 839 3076 σεαυτήν·
874 2996 893 3078 ἡ
916 2997 945 3057 δ’
976 2997 1084 3077 Ἑλένη
1117 2995 1171 3056 καὶ
1197 3004 1336 3074 ποιμέσι
1357 2993 1414 3054 καὶ

234 3099 440 3176 κιθαρῳδοῖς·
463 3097 546 3177 μηδὲ
562 3095 686 3158 δούλιον
703 3095 957 3178 καταφρονήσῃς,
982 3093 1037 3157 ἵνα
1058 3093 1121 3157 noir·
1138 3094 1195 3156 διδ
1211 3097 1251 3156 σὲ
1268 3093 1416 3155 δοκῶσιν

235 3196 413 3274 ἐλεύθεροι.
447 3193 531 3255 α’λλοὲ
554 3194 637 3272 μηδὲ
668 3197 795 3254 ναυτῶν
818 3215 882 3275 eqs.
927 3195 1033 3274 Quam
1061 3196 1103 3260 ob
1134 3215 1203 3260 rem
1226 3194 1309 3258 talia
1332 3213 1417 3275 quo-

168 3295 170 3298 ’
236 3317 298 3378 que
313 3317 349 3358 ex
367 3292 538 3357 comoediis
560 3292 673 3354 Atticis
697 3292 739 3354 ad
760 3292 925 3357 Romanos
946 3296 1130 3376 pervenisse
1154 3293 1332 3358 verisimile
1355 3298 1417 3356 est.

318 3412 400 3473 Tum
432 3410 464 3471 in
495 3408 600 3470 Plauti
631 3408 825 3473 Truculento
856 3412 1031 3493 interrogat
1060 3415 1150 3478 miles
1183 3414 1420 3491 Phronesium,

237 3530 322 3593 quae
344 3527 416 3570 cum
442 3507 557 3585 agresti
584 3507 697 3569 iuvene
718 3513 854 3574 accubat
876 3532 905 3575 V.
925 3515 986 3578 933

307 3605 425 3659 huncine
442 3603 581 3657 hominem
598 3607 626 3656 tu
642 3607 792 3673 amplexari
811 3611 867 3661 tam
888 3609 1030 3664 horridum
1049 3629 1081 3666 ac
1099 3616 1158 3666 tam
1177 3611 1366 3679 squalidum?

238 3713 371 3779 Ovidius
393 3726 469 3769 vero
498 3705 608 3767 iisdem
641 3707 704 3770 fere
727 3711 831 3774 verbis
853 3712 1028 3779 Corinnam
1054 3718 1236 3798 vituperat,
1271 3737 1426 3799 quaese

239 3811 336 3894 equiti
359 3807 447 3871 dedit
471 3823 571 3866 amor.
592 3805 637 3867 ΙΙΙ
660 3807 688 3880 8,
704 3808 737 3867 11
756 3827 803 3889 sq.

433 3903 506 3954 hunc
525 3902 601 3966 potes
619 3902 746 3968 amplecti
765 3903 897 3969 formosis,
917 3909 983 3978 vita,
1003 3911 1133 3965 lacertis?
1166 3929 1167 3934 ¹

504 3983 585 4036 huius
603 3984 632 4036 in
651 3988 785 4053 amplexu,
804 3990 870 4057 vita,
890 3993 978 4049 iacere
996 3998 1095 4065 potest

325 4096 430 4159 Etiam
462 4089 501 4151 de
532 4088 669 4150 simulati
701 4093 818 4155 amoris
846 4098 982 4163 utilitate
1005 4106 1157 4167 convenit
1179 4105 1291 4169 Ovidii
1317 4126 1430 4172 mere-
