2910 4920
707 367 912 430 ,84-

259 550 338 606 ovid.
359 565 445 603 arnor.
465 548 475 598 Ι
494 546 519 607 8,
529 546 562 599 95
572 561 612 612 sq.

420 655 454 693 ne
472 654 580 693 securus
598 639 673 690 amet
691 633 768 686 nullo
786 632 886 695 rivale,
915 634 1024 685 caveto:

490 741 546 778 non
566 723 648 784 bene,
675 720 697 773 si
715 719 796 773 tollas
816 719 935 788 proelia,
962 717 1044 772 durat
1063 734 1140 771 amor
1159 735 1214 785 eqs.

224 833 265 896 Se
295 832 399 912 ipsum
433 830 495 893 hoc
526 827 623 892 modo
646 825 718 905 capi
742 842 780 886 ac
801 823 903 886 teneri
936 843 1028 903 posse
1051 843 1070 887 a
1093 823 1208 904 puellis
1233 820 1409 902 profitetur

226 930 361 995 Ovidius
383 948 483 992 amor.
506 929 532 991 ΙΙ
557 928 717 1007 l9‚5sqq.
741 923 779 986 cf.
805 923 925 985 Auson.
948 922 1046 1002 epigr.
1072 923 1121 986 36.
1173 921 1271 984 Tales
1294 922 1407 982 autem

226 1028 403 1094 sententias
422 1027 592 1108 Propertio
613 1029 644 1088 et
666 1023 781 1087 Ovidio
804 1023 918 1085 iterum
943 1021 985 1084 ab
1008 1021 1237 1085 Alexandrinis
1263 1018 1407 1083 auctori·
1448 1031 1451 1037 ·

226 1131 287 1193 bus
318 1126 457 1191 traditas
489 1145 557 1188 esse
589 1143 653 1187 non
680 1121 836 1202 ‘negabis
869 1121 894 1183 si
929 1119 987 1183 hos
1019 1120 1106 1184 locos
1137 1124 1404 1202 perlustraveris:

226 1227 439 1309 Asclepiadae
462 1225 561 1305 epigr.
584 1221 705 1286 anthol.
729 1219 796 1284 Pal.
819 1220 875 1282 Xll
901 1221 958 1283 153

419 1332 529 1401 πρόσθε
546 1348 597 1400 μοι
615 1323 753 1399 Ἀρχιάδης
772 1324 907 1392 ἐθλίβετο·
928 1325 979 1376 νῦν
995 1323 1024 1377 δὲ
1043 1323 1182 1378 τάλαιναν

491 1410 553 1468 οὐδ’
572 1409 652 1466 ὅσσον
670 1415 773 1475 παίζων
792 1411 832 1470 εἰς
851 1406 895 1482 ἔμ’
914 1408 1122 1481 ἐπιστρέφεται.

422 1497 484 1554 οὔδ’
503 1494 517 1552 δ
535 1495 668 1572 μελιχρὸς
682 1497 768 1570 Ἔρως
786 1495 832 1550 δεῖ
850 1499 959 1566 γλυκύς
978 1493 1038 1550 ἄλλ’
1057 1494 1175 1569 δνιήσας

490 1583 623 1644 πολλάκις
642 1581 725 1655 ἡδίων
743 1579 832 1654 γίνετ’
850 1581 931 1655 ἐρῶσι
951 1581 1028 1643 θεός.

226 1693 388 1756 Heliodor.
411 1691 583 1771 Vll15‚p
607 1691 719 1753 359v.
743 1687 784 1750 24
816 1683 986 1768 πεαύκασι
1007 1711 1068 1768 γαρ
1090 1687 1122 1749 οἱ
1144 1696 1209 1750 νέοι
1233 1694 1403 1768 δεραπεο

227 1789 340 1870 δμενοι
368 1794 431 1870 μὲν
462 1791 700 1870 ὑπερφρονεῖν,
733 1787 971 1867 droldper'ord
1001 1786 1154 1848 εἵπετ’·κειι.
1205 1788 1404 1852 Aristaenel

228 1913 277 1972 ep
300 1891 383 1964 Ill
415 1909 444 1951 v
466 1890 507 1952 20
541 1898 756 1966 χαριέστατον
787 1876 863 1947 οἶδα
895 1909 932 1948 το
957 1888 1094 1965 σμικροι
1116 1885 1305 1964 ιῗποκνίζειν
1331 1891 1407 1960 τούς

229 1997 326 2062 νέους·
348 1991 445 2050 τοῦτο
465 2011 526 2067 γαρ
548 2009 614 2047 των
636 1986 840 2067 α’φροδισίων
859 1984 1117 2064 προαναστέλλει
1137 1986 1197 2048 τδν
1216 1984 1329 2067 κόρον,
1352 1989 1406 2049 καὶ

228 2089 287 2161 τοὶς
309 2086 440 2166 ἑταίρας
462 2085 698 2149 ἀποδείκνυσιν
719 2084 774 2146 αἐὶ
799 2083 961 2157 ποδεινδς
982 2089 1050 2157 τοῖς
1072 2085 1259 2164 ἐρασθεῖσα

310 2201 403 2266 Nunc
433 2220 509 2264 vero
539 2201 586 2263 de
615 2200 829 2264 nonnullis
861 2201 1110 2283 praeceptis
1138 2201 1202 2264 rel
1234 2203 1408 2266 artibus

229 2301 484 2366 meretriciis
522 2299 649 2381 loquar,
684 2318 792 2380 quae
827 2299 878 2362 ad
916 2303 1109 2363 ornatum
1140 2305 1180 2364 et
1208 2300 1408 2366 habitum

230 2400 465 2483 puellarum
496 2399 720 2480 pertinent.
774 2398 808 2461 In
838 2399 968 2462 Luciani
999 2419 1075 2480 ergo
1101 2399 1176 2463 dial.
1210 2419 1292 2464 mer.
1325 2401 1411 2464 Vl3

231 2505 335 2565 mater
355 2498 454 2562 filiam
477 2500 600 2573 edocet,
623 2498 787 2578 quomodo
809 2503 950 2561 scortum
974 2499 1006 2561 in
1030 2498 1178 2563 convivio
1199 2498 1412 2580 lepidissimis

230 2598 377 2663 moribus
398 2597 482 2660 viros
505 2596 664 2660 delectare
692 2600 724 2660 et
745 2615 861 2677 capere
881 2598 998 2678 possit,
1028 2603 1058 2661 et
1080 2597 1176 2661 aliam
1200 2601 1410 2663 meretricem

231 2697 260 2760 ei
281 2697 374 2778 quasi
395 2695 559 2775 exemplar
579 2695 748 2777 proponit,
778 2696 811 2757 in
833 2715 898 2775 qua
927 2694 1008 2759 haec
1028 2696 1156 2760 laudat:
1184 2693 1226 2779 ἢν
1255 2696 1297 2758 δέ
1327 2704 1413 2757 ποτε

232 2793 436 2876 καῖἐἒπέλθῃ
458 2794 514 2855 ἐπὶ
537 2793 675 2855 δεῖπνον
689 2793 838 2871 λαβοῦσα
854 2799 1028 2873 μίσθωμα,
1051 2791 1127 2856 οὔτε
1144 2792 1358 2875 μεθύσκεται
1378 2833 1402 2839 -·

233 2892 475 2972 καταγέλαστον
497 2893 567 2971 γαρ,
590 2892 643 2953 καὶ
666 2896 821 2970 μισοῦσιν
840 2892 869 2955 οἱ
886 2890 1003 2972 ἄνδρες
1022 2894 1081 2966 τας
1102 2893 1315 2967 τοιαύτας-
1333 2890 1413 2959 οὕτε

235 2991 512 3074 ὑπερεμφορεῖται
540 2994 597 3053 τοῦ
621 2986 711 3076 ὄψον
733 2990 965 3070 α’πειροκοὶλως,
988 2991 1073 3054 ἄλλα
1096 2995 1327 3072 προςοὶπτεται
1349 3000 1415 3074 μὲν

234 3085 342 3170 ἄκροις
355 3093 422 3161 τοῖς
437 3090 615 3168 δακτύλοις,
638 3093 746 3172 σιωπῇ
766 3090 803 3151 δὲ
821 3093 880 3163 τοίς
903 3093 1053 3169 ενθέσεις
1073 3090 1202 3154 odaren
1215 3093 1416 3174 ἀμφοτέρας

236 3186 688 3269 nopodrirrmdryruidorc,
711 3142 893 3251 πλνειδΗ
874 3200 986 3274 τρεμα,
1009 3213 1047 3252 ov
1039 3190 1210 3270 ’,χανδόν
1233 3191 1308 3255 ἄλλ’
1331 3194 1416 3255 οἰνα-

236 3296 415 3367 παοομένι,
459 3288 550 3365 Quae
572 3289 670 3353 rerba
693 3289 848 3370 originem
871 3310 909 3352 ex
924 3291 1041 3354 fabulis
1056 3292 1172 3355 Atticis
1191 3292 1313 3356 ducere
1336 3294 1417 3357 inde

237 3386 428 3451 concludere
448 3405 627 3468 possuntne
651 3387 769 3468 quod
762 3407 825 3450 rum
848 3391 880 3451 in
903 3389 1017 3453 Eubuli
1041 3390 1222 3471 fragmento
1244 3392 1297 3469 4⁶2,
1317 3393 1358 3456 K.
1384 3396 1417 3458 ll

236 3507 267 3568 p
295 3485 353 3548 178
374 3484 484 3596 sirnilip
505 3486 600 3549 scruti
623 3491 755 3550 venuste
776 3488 898 3552 edentis
920 3489 1064 3553 laudatio
1085 3489 1244 3554 occurrit:

767 3595 803 3660 οἷς
821 3599 854 3654 δ’
872 3599 994 3657 ἐδείπνει
1015 3607 1142 3676 κοσμίως,

433 3701 481 3752 ονχ
500 3676 590 3752 ὥσπερ
610 3682 688 3737 «iilos
712 3704 763 3744 ιον
783 3686 894 3757 τριὶσιον
912 3689 1082 3761 :roror'perrrr

436 3769 555 3825 retiam·
574 3767 736 3822 ἔσαττον
709 3790 756 3828 τας
775 3778 901 3841 γνάθοις
921 3778 968 3826 καὶ
986 3741 1039 3828 δῶν
1057 3795 1147 3847 κρεων

435 3848 590 3924 «lernaeam
611 3854 734 3926 αἰσχροῖς,
755 3854 813 3909 ἄλλ’
832 3858 950 3912 delictor
968 3859 1071 3932 μικρὸν
1090 3858 1125 3913 ἂν

435 3933 590 4007 decreturi*
608 3934 699 4010 δινιερ
721 3944 861 4012 παρθένος
882 3946 1009 4014 λλιλνσια.

240 4045 320 4110 Cum
348 4043 464 4124 quinus
486 4061 677 4124 cerimonem
700 4044 768 4108 licet
793 4066 847 4113 ea.
876 4068 961 4127 tiriae
982 4050 1114 4112 Ovidius
1135 4053 1257 4113 monet„
1280 4055 1346 4114 art.
1372 4055 1421 4117 ΙΙΙ

240 4147 301 4211 756
315 4164 384 4226 srpl.
