2910 4920
547 367 753 430 ...17-

60 529 251 612 ττετόμενος.
275 535 330 598 διαὶ
358 541 454 601 τοῦτο
476 544 529 605 καὶ
552 542 680 628 νεότητι
695 552 801 630 χαίρει
821 550 877 612 καὶ
906 550 1023 627 κᾶλλος
1044 553 1151 622 διώκει
1172 559 1227 622 καὶ

59 632 120 705 τοὶς
142 633 252 721 ψυχας
273 636 466 720 α’νατττεροῖ.
1235 652 1237 658 ’

144 739 207 803 Sed
224 760 356 821 pergam
372 744 457 810 iocos
472 749 594 827 afferre,
616 752 733 834 quihus
748 753 905 822 Amorem
921 757 954 823 in
977 761 1073 825 corde
1091 733 1235 828 amantis·

58 840 180 904 versari
201 859 307 922 neque
329 848 484 911 removeri
507 869 601 929 posse
625 853 780 933 legimus:

96 939 185 993 Plaut.
202 940 312 993 Poenul.
332 945 381 994 196

245 1050 413 1102 quamquam
433 1036 536 1109 Cupido
555 1037 584 1091 in
602 1039 682 1094 eorde
701 1044 824 1096 versatur
842 1060 896 1112 eqs.

97 1123 175 1178 Ouid.
194 1143 278 1180 amor.
298 1127 309 1178 1
330 1129 352 1190 l,
368 1129 401 1183 26

246 1237 310 1273 uror
328 1224 356 1275 et
373 1221 402 1276 in
422 1242 506 1278 vacuo
524 1229 634 1294 pectore
652 1231 754 1298 regnat
772 1228 867 1282 Amor.

100 1310 178 1366 Ovid.
201 1331 285 1367 amor.
306 1314 333 1367 ΙΙ
352 1317 375 1379 9,
387 1316 421 1369 53

212 1427 214 1431 ⁷
248 1400 374 1471 (Cupido)
393 1403 530 1460 indeserta
548 1423 608 1462 meo
626 1411 737 1478 pectore
755 1425 842 1478 regna
859 1425 932 1478 gere.

101 1486 177 1540 Ovid.
197 1504 282 1543 amor.
302 1487 328 1540 ΙΙ
348 1488 396 1556 9,2

251 1576 273 1629 Ο
292 1576 322 1629 in
340 1577 419 1632 corde
438 1594 498 1632 meo
516 1576 647 1633 desidiose
664 1595 740 1647 puer.

98 1670 176 1724 Ovid.
195 1689 279 1726 amor.
300 1670 313 1722 Ι
332 1672 355 1734 6,
367 1673 401 1726 34
414 1691 453 1741 sq.
759 1744 761 1748 ‚

271 1760 343 1814 solus
361 1776 444 1823 eram,
463 1759 559 1814 sinon
577 1776 672 1814 saevus
691 1759 795 1814 adesset
813 1759 906 1829 Amor,

217 1846 290 1900 huno
311 1864 370 1916 ego,
391 1847 414 1901 si
433 1846 551 1917 cupiam,
569 1864 708 1915 nusquam
726 1846 866 1902 dimittere
883 1864 1000 1917 possum.

99 1939 178 2008 Prop.
198 1939 238 1991 III
257 1942 298 2003 21,
309 1940 325 1992 5
335 1958 374 2008 sq.

225 2027 318 2080 omnia
335 2030 400 2081 sunt
418 2029 528 2080 tentata
546 2025 624 2090 mihi,
643 2044 805 2095 quacunque
823 2027 916 2096 fugari

260 2115 352 2184 possit,
372 2118 402 2169 ot
420 2133 453 2169 ex
472 2113 547 2168 omni
564 2131 609 2169 me
627 2115 729 2184 premit
745 2114 794 2169 ille
812 2115 885 2169 deus.

97 2200 136 2252 df.
157 2200 234 2255 Ovid.
255 2203 354 2258 remed.
376 2203 424 2255 107
436 2220 475 2270 sq.
494 2204 522 2256 et
541 2203 591 2256 267
604 2220 643 2272 sq.

144 2297 272 2361 Graecis
303 2303 410 2361 autem
434 2298 574 2361 fontibus
604 2317 679 2361 usos
708 2317 775 2361 esse
797 2297 949 2361 Ovidium
971 2300 1002 2360 et
1025 2293 1229 2376 Propertium

60 2396 200 2460 conicias
222 2418 261 2493 ex
283 2397 432 2478 Meleagri
454 2397 688 2479 epigrammate
710 2397 831 2461 anthol.
854 2397 920 2460 Pal.
945 2395 972 2458 V
994 2395 1064 2473 uia,
1080 2395 1157 2476 5sq.

216 2493 237 2547 ὠ
255 2497 363 2560 πτανοί,
381 2490 420 2565 μὴ
440 2497 487 2547 καί
504 2491 566 2548 ποτ’
585 2493 758 2562 ἐφίπτασθαι
776 2492 840 2567 μέν,
854 2492 981 2566 Ἔρωτες,

248 2582 341 2646 ci'dcr’,
361 2577 522 2648 α’πωττῆναι
542 2577 570 2634 d’
590 2577 655 2635 οὔδ’
674 2577 739 2635 ὅσον
758 2581 900 2654 ragusea,

58 2674 91 2733 et
113 2690 151 2732 ex
171 2669 264 2733 Pauli
284 2669 488 2749 silentiarii1)
511 2670 744 2750 epigrammate
767 2669 889 2734 anthol.
912 2668 980 2733 Pal.
1003 2665 1106 2744 268ss
1126 2684 1196 2746 sqq.

219 2763 369 2838 ἀστεμφής,
389 2761 524 2838 ἆδόνητος
542 2764 673 2833 ἐνέξεται,
694 2765 757 2822 cdds'
775 2767 894 2840 μετέστη

251 2852 287 2913 εἰς
310 2851 359 2924 ἐμὲ
378 2856 508 2926 σνζιιγίην
527 2853 697 2926 κειράμενος
715 2854 870 2928 πτερύγων.

56 2949 152 3012 Adde
174 2949 312 3030 denique
333 2946 464 3013 Nicetae
484 2950 662 3030 Eugeniani
682 2951 708 3014 ll
733 2951 791 3016 129
802 2971 872 3033 sqq.

213 3043 253 3118 μὴ
274 3045 403 3101 δειλιάτω
423 3048 475 3102 τῶν
494 3047 642 3120 πτερύγων
661 3045 710 3102 τὸν
728 3047 843 3121 κρότον·

210 3131 304 3206 Ἔρως
322 3137 375 3207 γάρ
401 3130 491 3207 ὥσπερ
511 3132 639 3206 ἐμπεσὼν
658 3133 689 3190 ἐν
707 3135 765 3209 ὶξίῳ

216 3220 249 3295 τῇ
267 3222 366 3294 καρδίᾳ
384 3243 440 3293 μου
459 3230 656 3295 συγκρατεῑται
674 3225 722 3277 καὶ
738 3223 830 3295 μένει.

141 3316 231 3379 Haec
272 3316 336 3379 fere
380 3318 419 3380 de
451 3319 579 3382 Amoris
611 3318 877 3400 descriptionibus
915 3315 1107 3399 proferenda
1132 3315 1224 3376 sunt.

57 3414 151 3491 Quod
174 3415 216 3477 ad
241 3416 455 3493 Venerem,
478 3417 612 3480 aiterum
630 3418 762 3481 amandi
784 3436 914 3494 numen,
937 3416 1062 3493 attinet,
1084 3413 1225 3496 plerum·

57 3532 121 3593 que
143 3513 249 3577 mitior
271 3534 309 3578 ae
332 3516 488 3596 propitior
503 3516 562 3579 dea
585 3536 683 3596 quam
698 3518 800 3580 Amor
818 3516 955 3596 exsistit3
977 3533 1042 3596 qua
1065 3513 1105 3576 de
1127 3531 1225 3576 causa

56 3616 205 3676 amantes
227 3613 253 3675 ei
274 3614 467 3694 supplicant,
489 3619 565 3678 vota
587 3618 619 3678 et
640 3615 796 3678 sacrificia
817 3613 1090 3693 faciuntgratias
1114 3615 1224 3692 agunt.

56 3713 149 3788 Quae
172 3731 244 3774 oum
270 3714 380 3776 comici
406 3719 436 3777 et
457 3715 588 3794 elegiaci
610 3720 726 3796 poetae
748 3716 836 3779 haud
856 3715 948 3790 aliter
970 3733 1069 3794 quam
1087 3712 1224 3775 cuiusvis

57 3812 130 3874 aevi
153 3815 268 3892 poetae
292 3814 475 3877 describant
498 3834 603 3896 neque
634 3815 811 3896 quidquam
841 3810 1004 3897 proprium
1036 3812 1223 3892 praebeant,

55 3911 204 3975 omittere
228 3931 405 3992 possumus
428 3934 503 3977 nam
528 3914 605 3977 nihil
628 3915 736 3979 valent
758 3915 801 3978 ad
822 3912 1119 3988 demonstrandum,
1142 3929 1222 3997 quo-

129 4073 155 4141 1)
175 4075 255 4128 Hunc
273 4075 345 4128 enim
367 4077 503 4146 Propertii
521 4078 644 4132 carmina
661 4096 716 4132 non
735 4079 849 4150 novisse,
868 4080 914 4133 ced
932 4082 1079 4144 utrumque
1098 4067 1221 4128 exrom-

54 4161 134 4214 muni
156 4162 233 4215 fonte
252 4162 370 4217 hausisse
390 4163 456 4216 satie
474 4162 604 4233 probavit
621 4165 759 4219 Malletius
779 4166 795 4220 l.
815 4167 831 4219 i.

1025 4258 1042 4310 2
