2910 4920
516 304 724 369 ..49-

118 485 203 565 Quin
226 485 322 548 etiarn
349 485 379 547 in
401 487 528 546 tantam
549 484 647 546 animi
670 484 946 564 perturbationem
969 483 1108 550 incidere
1134 502 1208 566 pos·

118 640 121 653 .
144 590 183 650 ut
197 586 256 667 ipsi
274 584 504 658 adulescentes,
523 602 627 664 neque
643 583 698 664 qui
711 583 784 662 sint,
807 604 913 666 neque
928 584 983 648 ubi
998 583 1070 663 sint,
1093 583 1204 649 sciant.

118 690 163 751 las
178 687 261 749 enirn
279 683 518 758 Alcesinrarchi‚
544 683 594 746 cui
613 702 742 746 omnem
767 684 883 765 eripuit
903 684 1062 748 rationem
1086 684 1210 748 amicae

119 840 122 862 ,
147 787 179 850 in
203 783 308 847 Plauti
327 782 504 846 Cistellaria
526 782 793 846 lamentationem
816 803 844 847 v.
867 784 925 848 211
939 804 986 867 sq.
1046 794 1049 799 “

236 881 284 935 ubi
301 899 369 943 sum,
390 880 430 933 ibi
447 896 502 932 non
521 898 589 945 sum,
608 879 655 932 ubi
674 896 729 933 non
747 898 815 944 sum,
833 881 899 935 ibist
917 882 1033 952 animus,

237 968 278 1023 ita
296 968 333 1021 mi
353 967 446 1022 omnia
462 970 527 1020 sunt
545 967 657 1036 ingenia
678 983 734 1035 eqs.

119 1060 258 1123 haereae
279 1056 311 1121 in
333 1055 472 1120 Terentii
491 1055 646 1119 Eunucho
668 1075 698 1118 v.
716 1057 777 1119 305
790 1075 837 1137 sq.

287 1155 375 1210 nescio
393 1154 490 1216 hercle,
509 1171 597 1223 neque
616 1155 688 1208 unde
707 1171 768 1210 eam
789 1171 877 1224 nequo
895 1172 1025 1225 quorsum
1044 1173 1124 1212 eam:

238 1242 279 1296 ita
296 1258 421 1312 prorsum
443 1241 545 1295 oblitus
564 1259 623 1294 sum
643 1241 704 1295 mei.

120 1349 204 1413 quas
245 1330 403 1412 querellas
442 1331 563 1411 optime
596 1350 629 1393 se
660 1331 887 1395 accommodat
920 1331 968 1408 id,
1009 1332 1097 1414 qnod
1131 1331 1210 1395 Pro-

122 1451 162 1494 us
183 1430 330 1494 familiari
354 1429 481 1493 cuidam
504 1418 556 1493 de'
568 1430 692 1511 puellae
716 1432 845 1494 servitio
867 1431 1023 1512 praedicit
1039 1432 1053 1495 l
1069 1433 1098 1509 5,
1115 1432 1210 1514 llsq.

235 1531 264 1582 et
281 1544 468 1596 quoecumque
488 1528 569 1590 voles,
589 1528 698 1597 fugient
718 1529 769 1583 tibi
789 1530 872 1585 verba
890 1530 1025 1598 querenti,

290 1631 339 1669 nec
357 1615 468 1683 poteris,
487 1616 535 1683 qui
554 1615 590 1668 sis
609 1620 658 1670 aut
676 1616 733 1685 ubi,
752 1634 828 1671 nosse
847 1617 936 1671 miser.

119 1720 131 1763 ι
148 1721 225 1764 vero
241 1702 333 1766 nobis
352 1704 438 1783 apud
451 1703 590 1767 Graecos
611 1705 842 1786 quaerentibus
857 1705 995 1770 occurrit
1017 1706 1210 1770 Aristaeneti

142 1801 192 1879 28,
208 1803 244 1866 19
266 1807 301 1862 τί
321 1800 437 1880 πράξαν
444 1827 455 1879 ,·
478 1808 512 1864 τί
531 1811 688 1883 γείὀιμαι,·
718 1808 782 1886 φεῦ
804 1808 869 1866 τῶι·
891 1803 1070 1887 α’φορήτοιι
1092 1807 1209 1880 κακῶν,

121 1901 155 1961 οὶ
178 1903 244 1961 τοῖν
265 1902 412 1981 ἀμέτρως
441 1904 747 1983 κατεβλακευμένοιν
768 1904 879 1986 ἠθῶν,
912 1910 944 1969 et
965 1905 1079 1970 Achill.
1102 1905 1209 1970 'subl

131 2005 166 2061 τί
195 2000 292 2080 λέγω,
330 2006 364 2063 τί
399 2006 502 2078 ποιάς
541 2006 609 2075 πῶς
638 2000 681 2065 άν
710 2001 837 2084 τύχοιμι
867 2007 923 2086 τῆς
944 2006 1122 2086 ἐρωμένης
1151 2004 1209 2066 οὐκ

132 2102 199 2185 γάρ
223 2102 280 2173 τάς
302 2100 406 2173 άδοάς.

122 2200 221 2264 Porro
240 2201 368 2264 animi
391 2202 607 2266 mobilitas
629 2203 692 2266 vel
714 2203 826 2267 inter
847 2223 957 2285 spem
975 2208 1208 2289 metumque

120 2301 1207 2386 :tuatimquaarnantesvexantur‚acomicispoetis

120 2421 125 2461 ι
145 2401 270 2463 maris
289 2404 409 2463 aestu
430 2403 673 2482 comparari
692 2403 815 2466 solet:
835 2403 968 2481 iuvenis,
986 2404 1041 2485 qui
1059 2403 1207 2468 desiderii

120 2499 244 2580 rpidinis
258 2499 353 2563 undis
376 2501 522 2578 iactatur,
546 2502 644 2565 verba
664 2502 823 2580 videntur,
847 2523 931 2585 quae
955 2523 994 2569 ex
1011 2501 1208 2566 Philemonis

120 2598 170 2662 ebo
192 2603 321 2663 servata
343 2605 417 2664 sunt
439 2601 531 2679 frgm.
555 2602 604 2677 98,
626 2602 663 2664 K.
684 2601 709 2664 ll
732 2622 762 2682 p.
784 2603 846 2666 485

239 2700 270 2752 od
291 2706 349 2757 τοῖς
367 2701 479 2753 πλέουσι
500 2695 550 2770 τὴν
571 2702 714 2753 θάλατταν
731 2704 843 2770 γίνεται

232 2783 345 2857 μόνοισι
361 2790 477 2858 χειμών,
496 2780 532 2846 ὥς
552 2786 655 2851 ἔοικεν,
674 2783 741 2840 ditet
762 2789 810 2841 καί

234 2879 291 2932 τοῖς
309 2872 494 2943 περιπατοάσί
512 2893 574 2938 που,
594 2875 693 2946 Λάχης,
713 2872 744 2928 ἐν
763 2874 797 2950 τῇ
815 2874 882 2946 στοᾷ

234 2961 282 3011 καὶ
300 2966 358 3018 τοῖς
375 2962 507 3031 με’νουσιν
527 2960 607 3013 ἔνδον
626 2958 657 3015 ἐν
676 2969 736 3021 ταῖς
756 2961 859 3022 οἰκίαις
878 2980 933 3030 eqo.

120 3058 156 3117 ‘le
180 3057 288 3118 autern
315 3056 388 3118 novi
411 3056 544 3119 alicuius
561 3058 715 3121 amatoris
737 3059 840 3122 oratio
858 3058 961 3123 elucet
983 3077 1022 3121 ex
1038 3057 1205 3123 Menandri

120 3157 218 3218 nento
240 3156 310 3230 536,
333 3155 369 3217 Κ.
393 3155 432 3218 lll
452 3176 483 3237 p.
508 3157 566 3219 159

229 3248 270 3325 μά
291 3248 342 3324 τὴν
360 3253 488 3324 Αθιγνάν,
511 3251 619 3326 ἄνδρες,
642 3249 726 3308 εἰκόν’
746 3257 796 3309 οὐκ
815 3255 866 3327 ἔχοι

234 3335 329 3412 εάρεῖν
348 3333 448 3412 ὁμοίαν
468 3340 504 3413 τῷ
520 3344 650 3411 γεγονότι
669 3344 824 3415 πράγματι,

233 3425 318 3497 ζητῶν
336 3425 405 3499 πρὸς
424 3425 554 3500 ἐμαυτόν,
576 3431 601 3480 τί
620 3431 723 3500 ταχέως
741 3431 879 3482 ἀπολλύει.

231 3515 379 3585 στρόβιλος,
398 3512 429 3567 ἐν
448 3509 501 3587 ὅσῳ
519 3518 707 3587 συστρέφεται,
727 3519 916 3588 προσέρχεται,

231 3601 410 3671 προςέβαλεν,
432 3600 586 3675 ε’ξὲῤῥιψεν,
606 3598 674 3656 αἰών
692 3606 812 3673 γίνεται,

230 3683 288 3740 ἄλλ’
307 3683 339 3740 ἒν
358 3691 474 3757 πελάγει
495 3691 676 3762 σογκλυσμάς.
709 3686 852 3760 ἀναπνοὴν
871 3690 926 3762 ἔχει

227 3769 295 3827 ‘Zet
315 3772 411 3846 σῶτερ
431 3775 521 3828 εἰπεῖν
538 3771 666 3848 ’άντὲχου
686 3776 740 3829 τοῖν
759 3773 903 3848 uxoratos,

228 3860 327 3933 ἑτέραν
345 3869 506 3934 περιμεῖναι
522 3860 645 3935 χάτὲραν
665 3867 824 3935 τρικυμίαν,

228 3952 364 4017 ναυαγίου
385 3944 408 4001 τ’
428 3946 462 4000 άν
480 3946 615 4018 ἐπιλάβοι·
644 3946 696 4019 tyn
718 3950 747 4001 δ’
767 3945 840 4008 dnn}

227 4029 374 4106 άψάμενος
394 4038 449 4107 εἰμι
471 4039 518 4090 καί
537 4038 653 4107 φιλήσας
670 4039 700 4090 ἐν
718 4037 803 4109 βυθῷ.
