2910 4920
534 329 736 391 -4Ῑ-.

50 504 171 568 amoris
193 504 325 567 affectos
348 524 424 567 mox
447 507 565 584 gaudio
586 511 617 569 et
645 507 793 570 felicitate
816 507 1011 570 exsultantes
1032 506 1217 584 videbimus

50 624 127 668 nam
146 606 247 666 Amor
269 607 299 666 et
316 603 408 667 dulce
426 609 457 668 et
478 625 637 683 amarum,
661 607 747 688 quod
759 606 869 670 Graeci
893 626 958 669 uuo
980 606 1079 670 verbo
1099 605 1220 686 ‘ytoud-

51 703 176 780 mxoov'
215 707 343 780 vocant,
385 704 428 767 eis
461 704 538 768 dare
570 706 658 770 solet.
713 705 856 770 Primum
894 705 946 768 hic
979 705 1108 769 Amoris
1139 724 1219 784 moS,

51 806 211 885 quantum
234 802 308 880 scio,
330 808 601 868 commemoratur
624 806 711 887 apud
736 805 868 886 Sappho
889 808 919 868 et
940 805 1178 885 Theognidem:

89 923 191 995 Sepph.
211 924 263 993 frg.
283 924 316 978 38
338 925 388 990 (ed.
408 926 608 996 Bergk-Hiller)

246 1007 327 1082 Ἔρος
345 1006 375 1062 d'
394 997 461 1081 ηῧτέ
476 1009 508 1084 μ’
526 1007 541 1066 ὅ
560 1010 709 1085 λυσιμελὴς
727 1013 812 1080 δόνει,

250 1096 440 1168 γλυκύπικρον
460 1094 605 1170 ἅμάχανον
624 1097 753 1172 ὀ’ρπετον·
772 1091 773 1095 ¹

88 1188 212 1257 Theogn.
231 1207 256 1243 v.
278 1189 344 1242 1353
353 1208 411 1258 sqq.
1014 1256 1017 1260 .

249 1271 350 1347 πικρὸς
368 1277 415 1328 καί
433 1272 536 1346 γλυκύς
554 1274 611 1329 ἐστι
630 1279 678 1329 καὶ
696 1271 834 1351 ἇρπολέος
853 1280 899 1331 καὶ
918 1276 1035 1353 α’πηνήζ,

304 1359 376 1433 ὄφρα
397 1361 502 1421 τέλειος
522 1362 561 1436 ἔῃ,
583 1360 689 1435 Κύρνε,
709 1363 814 1417 νέοισιν
826 1362 921 1437 Ἔρως·

252 1443 285 1516 ἢν
302 1446 356 1519 μὲν
374 1443 429 1520 γὰρ
446 1448 550 1523 τελέσῃ,
570 1446 657 1519 γλυκὺ
676 1453 796 1521 γίνεται,
818 1447 852 1522 ἢν
870 1450 899 1504 δὲ
918 1449 1024 1505 διώκων

303 1530 342 1606 μὴ
362 1535 466 1608 τελέσῃ,
486 1538 595 1589 πάντων
614 1532 688 1590 τοῦτ’
709 1532 904 1610 ἀνιηρότατον.

55 1639 179 1704 Deinde
207 1639 373 1720 Euripides
401 1640 434 1703 in
463 1660 573 1704 amore
603 1642 758 1722 gaudium
785 1647 817 1707 et
847 1643 989 1708 dolorem
1018 1643 1224 1706 coniunctum

57 1758 126 1803 esse
148 1739 240 1802 dicit:
988 1742 990 1746 '
1144 1753 1146 1757 ’

92 1842 235 1912 Hippolyt.
255 1845 305 1898 347
315 1863 355 1913 sq.

258 1930 373 2004 Φτιίδρ..Ι
400 1933 426 1984 τί
445 1925 534 1997 τοῦθ’,
553 1924 568 1981 3
587 1925 618 2000 δὴ
638 1928 768 1998 λέγουσιν
786 1926 953 2001 ἀνθρώπους
971 1925 1052 1999 &goim

260 2019 358 2090 Τροφ.;
380 2012 499 2088 ἥδιστον,
519 2003 615 2079 duci,
634 2011 738 2070 ταύτὸν
757 2012 891 2084 ιίλγεινόν
910 2009 939 2066 θ’
957 2007 1024 2085 ἅμα.

94 2111 217 2180 Euripid.
237 2110 315 2164 Aeoli
333 2111 385 2179 frg.
405 2111 447 2172 26,
466 2109 500 2163 N.
518 2128 546 2180 p.
565 2109 616 2162 370
684 2149 687 2152 ⁴

255 2196 289 2271 τῇ
307 2192 337 2248 δ’
354 2193 493 2270 Ἀφροδίτῃ
510 2191 586 2248 πόλλ’
604 2195 696 2248 ἔνεστι
716 2196 837 2247 ποικίλα·

256 2282 354 2354 τέρπει
374 2301 405 2336 τε
425 2277 481 2354 γὰρ
500 2276 620 2354 μάλιστα
640 2283 687 2334 καὶ
705 2283 790 2334 λυπεῖ
804 2280 926 2353 βροτούς.

62 2388 128 2452 Nec
157 2407 221 2450 non
253 2386 411 2468 praebent
433 2387 517 2449 hanc
539 2387 730 2451 sententiam
762 2387 875 2450 comici
897 2387 1077 2450 Atticorum
1104 2390 1229 2468 poetae,

63 2507 147 2568 quos
179 2485 389 2550 Alexandrini
420 2505 492 2549 cum
526 2486 739 2551 imitatoribus
772 2487 837 2550 suis
869 2485 969 2549 secuti
999 2489 1082 2549 sunt.
1136 2485 1230 2563 Quod

36 2638 38 2642 .
63 2587 193 2670 quidem
216 2585 337 2668 liquido
359 2590 495 2668 apparet
518 2607 557 2650 ex
579 2587 626 2650 his
649 2587 726 2650 locis
748 2588 830 2651 inter
850 2607 884 2650 se
907 2587 1121 2668 comparatis:

99 2691 190 2747 Plauti
209 2690 311 2746 Cistell.
330 2691 363 2746 69
373 2709 412 2760 sq.

260 2794 379 2845 namque
397 2779 502 2831 ecastor
520 2777 605 2829 Amor
624 2778 653 2830 et
670 2776 750 2830 melle
770 2778 798 2829 et
818 2774 881 2829 felle
898 2773 1112 2836 fecundissimus,

257 2863 350 2933 gustui
369 2862 418 2917 dat
436 2862 522 2926 dulce,
541 2880 667 2916 amarum
685 2862 719 2916 ad
737 2861 895 2916 satietatem
913 2877 997 2930 usque
1015 2857 1132 2930 oggerit.

19 3030 22 3038 ¹
103 2969 193 3022 Plaut.
215 2967 339 3022 Pseudol.
360 2967 392 3020 63

265 3055 342 3108 dulce
361 3068 539 3120 amarumque
558 3067 631 3103 nunc
652 3048 746 3102 misces
765 3047 843 3102 mihi.

105 3148 187 3202 Plaut
215 3138 336 3198 Pseudol.
356 3140 405 3194 694
416 3156 455 3206 sq.

265 3224 356 3280 dulcia
374 3227 459 3293 atque
478 3241 573 3277 amara
591 3220 664 3291 apud
683 3224 711 3274 te
730 3238 790 3273 sum
810 3221 933 3274 elocutus
952 3220 1059 3274 omnia:

268 3312 319 3367 sois
338 3328 467 3379 amorem,
487 3308 538 3363 seis
556 3308 685 3371 laborem,
705 3307 755 3360 scis
774 3309 923 3376 egestatem
942 3322 1040 3359 meam.

109 3402 200 3456 Plaut
219 3399 293 3453 Trin.
314 3400 364 3451 257
375 3416 433 3466 sqq.
456 3449 459 3456 ,

271 3500 359 3554 apage
379 3487 415 3546 te,
434 3482 527 3544 Amor,
547 3496 602 3534 non
621 3477 720 3548 places,
738 3475 776 3529 nil
796 3477 824 3529 te
842 3476 912 3528 utor.

270 3587 440 3640 quamquam
460 3567 527 3621 illud
545 3568 587 3621 est
604 3565 690 3626 dulce,
710 3578 765 3616 esse
784 3565 812 3615 et
830 3559 932 3623 bibere,

275 3658 359 3710 Amor
377 3672 473 3710 amara
490 3654 539 3708 dat
557 3655 660 3713 tamen,
678 3648 744 3703 eatis
760 3647 833 3717 quod
852 3663 933 3716 aegre
951 3644 995 3700 sit.

76 3763 146 3826 lam
170 3782 246 3826 vero
275 3758 566 3844 pervestigantibus
594 3755 687 3820 nobis
717 3753 873 3834 elegiacos
894 3751 1117 3815 Romanorum
1139 3741 1251 3832 poetas

78 3883 114 3927 se
134 3863 290 3926 offerunt:

114 3961 214 4017 Tibull
234 3960 246 4013 l
265 3962 289 4023 6,
302 3962 312 4013 l
325 3974 363 4024 sq.

278 4060 392 4114 semper,
411 4045 443 4096 ut
461 4040 583 4106 inducar,
604 4036 717 4090 blandos
735 4034 814 4087 offers
832 4031 901 4086 mihi
919 4031 1016 4093 voltur,

278 4133 341 4200 post
359 4133 453 4184 tamen
472 4143 500 4180 es
519 4124 615 4178 misero
636 4121 722 4175 tristis
740 4123 768 4174 et
787 4135 873 4187 asper,
894 4120 984 4171 Amor.
