2910 4920
720 311 925 373 ..80-

225 485 347 550 Eadem
369 486 433 550 tere
454 487 593 550 suadent
616 485 773 569 Propertii
797 493 828 554 et
851 489 956 554 Ovidii
979 490 1071 555 lenae
1094 492 1228 573 puellis:

260 585 339 655 Prop.
359 585 394 637 IV
415 586 439 648 5,
454 585 487 637 57
502 602 541 653 sq.

401 670 466 723 dum
486 673 584 724 vernat
603 670 720 738 sanguis,
739 669 804 723 dum
823 671 900 739 rugis
918 671 1026 742 integer
1044 690 1140 742 annus,

469 758 553 818 utere,
573 772 607 810 ne
625 755 692 824 quid
710 774 769 811 cras
788 756 857 811 libet
875 757 911 812 ab
931 774 977 812 ore
995 745 1060 813 dies

262 841 340 896 Ovid.
359 860 443 897 amor.
455 843 500 904 18,
510 843 546 897 49
561 859 621 910 sqq.

419 927 523 983 labitur
542 928 646 981 occulte
664 925 790 994 fallitque
808 925 935 980 volubilis
954 930 1039 991 aetas,

396 1048 400 1054 ·
493 1017 521 1067 at
539 1013 610 1067 celer
629 1011 751 1066 admissis
770 1011 874 1066 labitur
892 1029 980 1067 annue
998 1013 1083 1082 equir.

423 1117 487 1154 aera
505 1099 597 1153 nitent
615 1118 672 1163 usu,
694 1099 775 1154 vestis
791 1098 865 1153 bona
883 1098 993 1168 quaerit
1009 1099 1114 1163 haberi,

493 1188 640 1240 canescunt
659 1185 735 1255 turpi
753 1187 827 1240 tecta
842 1184 939 1240 relicta
956 1185 1026 1239 situ:

423 1273 520 1336 forma,
539 1272 591 1326 nisi
612 1271 751 1336 admittas,
771 1271 847 1325 nullo
865 1274 1008 1326 exercente
1025 1271 1150 1335 senescit,

492 1377 543 1415 nec
560 1359 626 1414 satis
644 1358 755 1412 effectus
773 1376 843 1412 unus
861 1362 890 1414 et
908 1359 978 1413 alter
996 1358 1109 1412 habent.

424 1447 523 1501 certior
541 1462 556 1500 a
575 1444 668 1499 multis
686 1461 736 1499 nec
754 1445 809 1498 iam
829 1443 965 1499 invidiosa
983 1443 1107 1514 rapinast
1125 1460 1179 1512 eqs.

229 1532 360 1597 Veteres
392 1539 500 1598 autem
533 1534 725 1610 meretrices
759 1552 843 1614 quae
876 1533 938 1609 sic,
978 1535 1013 1596 ut
1045 1531 1175 1614 Scapha
1205 1531 1400 1597 Philenratio

227 1633 392 1712 praedicit,
416 1634 580 1698 iuventute
602 1637 633 1697 et
655 1632 758 1696 torma
777 1632 951 1714 praeterita
972 1631 1014 1694 ab
1033 1632 1183 1695 omnibus
1198 1632 1402 1696 amatoribus

228 1731 372 1796 desertae
389 1732 518 1815 inopem
532 1733 631 1796 vitam
647 1751 742 1812 aegre
758 1735 950 1807 sustentant,
967 1732 1194 1797 describuntur
1208 1732 1251 1795 ab
1263 1731 1401 1796 Horatio

229 1850 327 1895 carm.
352 1832 364 1894 l
386 1833 435 1908 25,
459 1832 501 1894 IV
526 1833 580 1906 13;
603 1832 730 1895 Tibullo
745 1832 798 1908 16,
812 1832 909 1913 77sq.
950 1831 1068 1896 Rufino
1088 1831 1210 1896 anthol.
1230 1830 1299 1895 Pal.
1315 1831 1400 1908 th,

230 1933 258 1994 V
282 1931 332 2008 at,
356 1931 454 2004 Vt&
485 1931 673 1996 Macedonio
702 1931 823 1995 anthol.
847 1931 914 1995 Pal.
937 1931 963 1993 V
982 1932 1059 2008 2713
1094 1931 1196 1996 Paulo
1218 1930 1401 1995 silentiario

227 2030 549 2095 anticipatur.
591 2030 763 2095 Praeterea
785 2031 929 2111 depinxit
950 2031 1015 2094 ianr
1034 2031 1198 2113 Epicrates
1221 2031 1284 2095 hoe
1303 2031 1400 2096 modo

226 2128 357 2193 Laidem
380 2149 478 2194 anum
501 2131 533 2193 in
557 2130 719 2194 Antilaide
742 2150 801 2193 sua
822 2130 880 2210 frg.
904 2131 932 2193 P.
956 2132 985 2205 3,
1010 2130 1044 2194 K.
1068 2130 1094 2194 ll
1114 2150 1146 2212 p.
1170 2131 1241 2195 283.

312 2229 375 2293 Sed
396 2234 570 2312 praecepta
591 2229 771 2299 meretricia
787 2249 939 2294 enarrare
960 2248 1104 2310 pergam.
1149 2229 1299 2308 Cleareta
1321 2251 1399 2312 ergo

228 2329 260 2392 in
272 2328 378 2393 Plauti
390 2330 539 2393 Asinaria
556 2329 649 2407 tiliae,
671 2349 755 2411 quae
769 2330 903 2411 pauperi
924 2329 1031 2393 iuveni
1050 2349 1084 2394 se
1101 2330 1198 2408 dedit,
1222 2331 1400 2412 exprobrat

225 2448 255 2492 v.
277 2429 365 2492 tals
412 2478 419 2492 .

366 2449 438 2595 (iiiia
456 2525 553 2580 dedit?
581 2526 648 2594 quid
666 2525 699 2580 ad
719 2543 768 2579 nos
786 2524 864 2579 iussit
882 2525 1040 2594 deportari?
1062 2542 1099 2579 an
1117 2524 1170 2580 tibi

372 2613 456 2667 verba
472 2612 577 2667 blanda
595 2629 650 2667 esse
668 2629 764 2666 aurum
788 2628 855 2675 rere,
874 2611 949 2666 dicta
966 2611 1049 2665 docta
1067 2629 1116 2682 pro
1135 2611 1229 2666 datis?

372 2701 445 2754 ultro
465 2717 549 2766 amas,
568 2699 641 2752 ultro
661 2697 814 2766 expetessis,
834 2698 906 2752 ultro
926 2698 961 2752 ad
978 2701 1007 2752 te
1025 2697 1124 2752 accersi
1142 2697 1229 2763 iubeo,

373 2786 434 2840 illos
451 2785 500 2853 qui
517 2785 593 2847 dant,
613 2801 658 2839 eos
677 2783 782 2838 derides
792 2803 798 2846 ;
816 2783 865 2851 qui
883 2783 1030 2853 deludunt,
1049 2783 1162 2854 deperis.

373 2890 409 2926 an
428 2874 456 2925 te
474 2870 502 2924 id
521 2874 664 2941 expectare
683 2872 799 2939 oportet,
819 2870 841 2923 si
859 2869 919 2938 quis
937 2870 1085 2940 promittat
1102 2869 1155 2925 tibi

372 2961 401 3014 te
419 2959 557 3012 facturum
575 2956 704 3019 divitem,
730 2955 752 3009 si
771 2956 904 3010 moriatur
923 2959 1012 3010 mater
1030 2957 1099 3010 sual

224 3047 317 3126 Quae
338 3047 439 3111 verba
461 3045 636 3128 repetenda
660 3064 728 3108 esse
750 3064 788 3107 ex
808 3044 975 3108 comoedia
997 3044 1106 3126 aliqua
1130 3044 1239 3110 Attica
1261 3045 1399 3110 demon-

224 3151 306 3212 strat
326 3146 456 3211 Lucian.
483 3144 556 3209 dial.
581 3165 657 3209 mer.
678 3145 776 3207 Vlll
816 3146 875 3206 νῦν
904 3143 982 3226 ὁρᾷς
1012 3144 1103 3223 παρὰ
1135 3147 1194 3206 τοῦ
1223 3150 1399 3208 νεανίσκου

224 3246 319 3327 ἡλίκα
346 3242 573 3325 λαμβάνομεν,
608 3242 641 3316 ὃς
670 3241 788 3323 ὀβολόν
819 3247 880 3322 μὲν
911 3242 1132 3307 οὐδεπώποτέ
1162 3262 1213 3307 σοι
1242 3243 1398 3321 δέδωκεν,

226 3345 284 3409 οὐκ
306 3347 453 3426 ἐσθῆτα,
483 3343 542 3423 οὐχ
564 3340 783 3424 ὑποδήματα,
815 3342 852 3403 οὐ
875 3341 995 3421 μύρον,
1026 3343 1111 3405 atta
1135 3343 1321 3426 προφάσεις
1344 3345 1399 3405 καὶ

228 3446 425 3524 ὑποσχέσεις
446 3443 500 3504 καὶ
530 3443 653 3522 μακραὶ
676 3442 807 3514 ἐλπίδες
836 3443 889 3503 καὶ
913 3443 997 3506 πολι)
1020 3446 1057 3506 τό
1080 3443 1150 3506 ίἐπὶν
1172 3445 1189 3505 ὁ
1212 3445 1326 3528 πατὴρ

223 3545 278 3608 καὶ
299 3539 407 3621 κύριος
427 3548 566 3620 γένωμαι
587 3545 652 3602 τῶν
675 3538 836 3621 πατρῴων
867 3544 919 3605 καὶ
953 3541 1067 3605 πάντα
1089 3541 1153 3607 σοῖ.
1196 3543 1242 3608 Cf.
1266 3545 1400 3610 Terent.

226 3645 357 3709 Phorm.
379 3641 441 3705 520
462 3660 509 3722 sq.
543 3641 729 3724 Alciphron.
752 3642 842 3722 epist.
866 3643 878 3705 l
901 3644 951 3721 36,
968 3647 992 3707 1.

306 3743 406 3807 Plane
422 3740 535 3804 eadem
554 3740 663 3804 iubent
675 3741 832 3822 Propertii
850 3747 881 3806 et
893 3743 998 3806 Ovidii
1013 3746 1113 3823 lenae,
1136 3763 1212 3808 narn
1227 3742 1402 3808 Clearetae

225 3843 342 3907 ‘verbis
362 3840 498 3904 blandis'
520 3844 551 3903 et
573 3841 675 3904 ‘dictis
698 3842 810 3904 doctis'
832 3843 864 3907 in
887 3844 983 3923 elegis
1005 3845 1201 3925 respondent
1220 3841 1346 3907 ‘versus
1368 3850 1403 3908 et

225 3940 395 4007 carmina':
427 3938 519 4003 Ovid.
545 3960 644 4004 amor.
667 3941 681 4003 Ι
703 3942 732 4017 8,
745 3943 783 4004 57
797 3962 866 4024 sqq.

419 4053 480 4090 ecoe
498 4037 564 4105 quid
582 4038 632 4093 iste
650 4041 714 4092 tuus
733 4043 846 4108 praeter
864 4057 936 4094 nova
954 4041 1077 4094 earmina
1094 4044 1171 4095 vates

488 4124 592 4179 donat?
609 4125 739 4179 amatoris
758 4127 834 4180 milia
854 4130 941 4180 multa
957 4128 1038 4196 leges.
